2300 3528
464 251 540 286 XII
1077 249 1116 285 C.
1142 248 1480 285 GIARRATANO
1537 279 1550 283 ,

462 354 651 418 quibus
688 353 776 401 fol.
822 356 882 400 19
923 370 970 401 v.
1011 356 1066 400 et
1103 353 1191 401 fol.
1234 354 1299 400 72
1340 354 1601 416 scriptura
1638 355 1850 412 vacant,
1887 351 2090 401 sed‘bi-
2179 355 2181 357 ’

462 442 739 506 bliopegae
779 440 1019 489 socordia
1044 441 1240 488 accidit
1278 443 1338 488 ut
1374 440 1482 489 foll.
1525 442 1694 488 20-23
1734 443 1790 488 et
1825 440 2090 490 14-1710-

462 546 582 577 cum
608 532 749 578 inter
769 546 823 578 se
849 532 1257 578 commutarent.
1333 545 1583 578 numerus
1608 529 1871 578 linearum
1895 530 2088 590 variat,

461 617 552 665 sed
589 618 898 682 plerumque
936 619 991 665 in
1030 617 1255 681 singulis
1299 619 1511 682 paginis
1548 619 1784 666 tricenae
1821 620 2007 666 ternae
2031 617 2089 666 li-

460 721 591 754 neae
611 708 810 755 insunt.
868 706 1122 754 desinunt
1134 704 1356 754 Asconii
1369 707 1740 754 commentarii
1755 707 1811 754 in
1830 705 1919 754 fol.
1936 707 2003 754 33
2017 722 2086 766 v.‚

458 793 598 841 unde
637 794 840 842 scholia
877 796 933 842 in
973 794 1231 844 Verrinas
1270 795 1536 842 orationes
1586 794 1802 842 initium
1850 794 2085 858 capiant.

458 882 570 946 ipse
608 881 932 930 Sozomenus
970 884 1324 930 correctiones
1364 881 1652 945 brevesque
1691 883 1846 929 notas
1871 882 1928 928 in
1953 896 2087 930 mar-

457 971 582 1032 gine
620 970 890 1018 interdum
926 970 1135 1019 addidit
1173 974 1227 1019 et
1263 969 1427 1018 verba
1453 972 1699 1038 suspecta
1725 970 1878 1032 signo
1915 970 2087 1018 crucis

457 1057 751 1107 adnotavit.
827 1059 995 1108 codex
1019 1075 1202 1108 umore
1229 1061 1307 1108 ita
1331 1062 1610 1124 corruptus
1636 1061 1718 1107 est
1754 1061 1815 1106 ut
1852 1059 1908 1106 in
1934 1060 2086 1122 parte
2113 1091 2115 1093 ·

455 1132 751 1210 aliquorum
773 1148 1022 1196 foliorum
1042 1150 1309 1213 superiore
1330 1150 1593 1212 scriptura
1605 1162 1774 1212 paene
1788 1148 2083 1219 evanuerit.

458 1236 514 1282 in
533 1238 802 1299 postremo
822 1236 948 1285 folio
969 1236 1102 1285 haec
1122 1239 1204 1285 est
1231 1235 1568 1300 subscriptio:
1590 1236 1740 1285 Finis
1765 1235 2084 1297 aryumetoz

455 1324 730 1387 quorfidaj
765 1325 1004 1387 oratio‘uj
1045 1314 1267 1377 Cicer-533
1318 1326 1352 1388 ’ᾇ
1399 1325 1654 1375 {venimus
1703 1326 1722 1374 i
1764 1324 2084 1374 monasterio

452 1401 531 1461 ἓ-οἶ·
562 1412 699 1475 yalli
734 1415 874 1476 quod
914 1416 981 1463 ,X
989 1415 1041 1463 V.
1082 1414 1291 1462 milibus
1318 1428 1581 1476 passuum
1618 1428 1652 1463 α
1695 1412 1964 1465 Costantia
2006 1427 2082 1462 re·

454 1502 597 1550 motii
633 1501 681 1551 ἒ.
758 1511 875 1554 τέλοσ
912 1504 966 1551 Χ
997 1501 1071 1552 ΚΙ
1108 1504 1241 1564 Any.
1282 1501 1680 1554 MCCCOXVIJ
1714 1501 1984 1554 Cosffitiae.

558 1589 642 1638 Ex
679 1590 781 1638 hac
818 1590 1015 1639 codicis
1052 1589 1396 1639 Pistoriensis
1426 1590 1815 1655 subscriptione
1841 1588 2083 1638 Sozome-

453 1694 581 1726 num
601 1694 710 1727 una
729 1695 851 1727 cum
871 1679 1079 1742 Poggio
1105 1679 1343 1727 codicem
1370 1678 1777 1742 Sangallensem
1813 1679 2082 1726 invenisse

450 1768 552 1814 viri
589 1766 734 1815 docti
771 1769 1128 1816 coniecerunt.
1207 1767 1298 1816 sed
1335 1783 1471 1832 quae
1509 1783 1671 1816 causa
1706 1767 1810 1816 fuit
1843 1783 1938 1816 cur
1973 1782 2079 1815 non

452 1857 636 1903 statim
675 1856 766 1904 sed
805 1872 946 1904 anno
986 1858 1228 1920 sequenti
1266 1856 1481 1904 demum
1525 1855 1763 1906 codicem
1801 1857 2080 1905 exararet?

449 1943 724 2007 Madvigio
763 1943 976 2008 quidem
1017 1946 1073 1992 in
1112 1946 1241 1992 anni
1280 1948 1410 1993 nota
1460 1959 1603 1993 error
1640 1960 1753 1993 esse
1790 1946 1936 1993 visus
1974 1946 2076 1993 est:

407 2073 411 2078 .
448 2035 636 2080 contra
672 2032 950 2096 Kiessling
998 2036 1052 2081 et
1101 2032 1314 2081 Schoell
1352 2036 1677 2097 putaverunt
1725 2032 2078 2082 Sozomenum

449 2120 622 2168 scidas
677 2137 745 2169 ex
801 2120 1140 2184 Sangallensi
1196 2121 1451 2169 velociter
1500 2123 1751 2186 exceptas
1807 2136 1948 2169 anno
2005 2135 2078 2168 se-

447 2210 632 2272 quenti
658 2224 752 2279 per
777 2211 946 2258 otium
972 2208 1323 2258 Constantiae
1349 2209 1637 2272 diligenter
1662 2210 2074 2274 transcripsisse.

447 2299 504 2344 at
541 2295 834 2345 Sabbadini
884 2300 1065 2345 noster
1101 2295 1233 2362 (Bw.
1285 2297 1341 2346 di
1386 2297 1536 2346 Filol.
1576 2313 1603 2345 e
1640 2298 1879 2346 d’Istruz.
1919 2297 2072 2346 clas-3.

446 2401 495 2449 p.
541 2386 636 2433 197
678 2400 787 2449 sqq.
834 2384 985 2451 1917)
1011 2401 1117 2434 non
1145 2388 1271 2433 ante
1306 2401 1508 2434 annum
1551 2386 1681 2433 1417
1723 2383 2075 2433 Sozomenum

446 2472 822 2521 Constantiam
859 2475 1156 2538 profectum
1195 2489 1309 2521 esse
1346 2474 1513 2521 firmis
1551 2463 1887 2536 argumentis
1908 2487 2076 2537 nuper

444 2560 706 2625 probavit.
782 2577 889 2626 qua
924 2578 981 2610 re
1019 2561 1312 2610 Sabbadini
1363 2561 1654 2610 arbitratur
1689 2562 1909 2609 tertium
1947 2559 2075 2609 San·

445 2648 699 2710 gallensis
724 2649 1094 2714 apographum
1118 2665 1152 2697 a
1176 2651 1291 2697 viro
1318 2649 1547 2712 quodam
1584 2648 1741 2696 docto
1770 2648 2074 2699 confectum

445 2753 574 2798 esse,
613 2739 705 2801 qui
741 2740 797 2785 in
836 2737 1162 2786 bibliotheca
1204 2739 1515 2786 monasterii
1560 2736 1746 2785 Sancti
1782 2736 1926 2785 Galli
1962 2740 2073 2801 per-

444 2825 702 2887 quirenda
739 2840 915 2873 comes
953 2825 1160 2887 Poggio
1199 2825 1408 2873 fuisset:
1449 2827 1527 2873 ita
1573 2823 1927 2873 Sozomenum
1960 2838 2072 2872 non

444 2912 795 2976 archetypum
833 2912 924 2960 sed
950 2912 1051 2960 hoc
1078 2912 1446 2977 apographum
1482 2912 1822 2977 descripsisse
1854 2913 2071 2975 eiusque
