2300 3528
19 1001 26 1070 ,ἡ
90 1034 138 1079 10

93 1423 144 1469 16

778 231 834 268 IN
861 229 1198 267 MILONIANAM
1764 231 1808 267 51

169 330 309 379 verat
339 330 500 371 autem
532 328 664 382 duas,
692 328 922 370 Marciam
950 331 998 370 et
1028 327 1278 382 Liciniam,
1310 329 1512 383 populus
1543 328 1671 370 hunc
1703 326 1811 370 Cas-

169 405 293 462 dum
325 405 524 460 creavit,
557 405 639 460 qui
671 405 731 447 de
763 405 942 447 eisdem
975 405 1246 460 virginibus
1271 408 1537 460 quaereret.
1601 405 1735 461 isque
1767 406 1816 447 et

170 482 510 541 utrasque'eas
547 484 595 525 et
634 486 886 538 praeterea
928 483 1198 538 complures
1230 483 1348 525 alias
1389 483 1539 525 nimia
1571 483 1730 537 etiam,
1764 484 1817 524 ut

171 561 461 613 existimatio
493 563 576 615 est,
610 561 870 616 asperitate
903 573 1015 603 usus
1047 561 1307 603 damnavit.

187 622 194 662 ἶ
262 639 308 693 (ἓ
338 635 430 692 33.)
463 638 535 680 Et
565 638 792 694 aspexit
823 650 910 680 nie
954 638 1078 680 illis
1119 638 1350 693 quidem
1389 639 1574 681 oculis
1606 639 1817 693 quibus

171 703 320 761 thnc
349 714 574 757 solebat
605 726 734 756 cum
768 713 1039 756 omnibus
1072 714 1267 756 omnia
1298 714 1643 756 minabatur.
1708 726 1816 756 mo-

172 793 272 837 vet
301 803 391 835 me
423 792 644 847 quippe
676 791 877 834 lumen
910 792 1136 834 curiae!

263 869 356 913 Hic
387 872 459 912 est
488 869 596 912 Sex.
620 868 827 924 Clodius,
850 882 993 924 quem
1026 870 1075 912 in
1098 869 1392 924 Argumento
1426 870 1567 912 huius
1593 869 1819 912 orationis

173 947 386 998 diximus
429 959 601 1003 corpus
642 946 795 990 Clodii
829 947 878 989 in
920 947 1105 989 curiam
1139 948 1375 990 attulisse
1400 950 1447 990 et
1482 948 1548 989 ibi
1581 959 1818 990 cremasse

174 1037 328 1082 eoque
359 1026 554 1069 incenso
587 1025 772 1068 curiam
811 1026 1150 1080 conflagrasse3
1199 1025 1305 1068 ideo
1353 1026 1561 1068 lumen
1609 1025 1819 1068 curiae

174 1103 304 1152 dicit.
738 1142 741 1145 .

266 1181 311 1234 (ξ
332 1180 424 1234 37.)
457 1178 692 1233 Quando
724 1179 893 1221 illius
933 1182 1144 1234 postea
1180 1179 1300 1222 sica
1336 1180 1441 1222 illa
1473 1192 1637 1234 quam
1665 1192 1694 1222 a
1725 1178 1820 1222 Ca-

175 1258 345 1303 tilina
385 1260 689 1313 acceperat
730 1257 1114 1312 conquievit?
1190 1258 1337 1300 haec
1375 1258 1614 1300 intenta
1657 1257 1823 1299 nobis

175 1337 278 1389 est,
314 1334 459 1378 huic
505 1346 605 1389 ego
653 1334 808 1376 obici
856 1346 954 1377 vos
1000 1346 1101 1388 pro
1149 1346 1235 1376 me
1288 1347 1398 1376 non
1446 1347 1563 1376 sum
1610 1346 1821 1389 passus,

175 1412 315 1456 haec
346 1412 625 1455 insidiata
657 1412 931 1467 Pompeio
964 1414 1069 1454 est.

266 1489 404 1544 Quod
435 1489 554 1532 dicit
584 1490 818 1532 intenta
850 1489 1015 1531 nobis
1057 1492 1141 1532 est
1177 1492 1225 1531 et
1268 1490 1428 1532 obici
1471 1502 1568 1532 vos
1606 1502 1706 1545 pro
1740 1501 1822 1531 me

178 1581 285 1612 non
326 1580 442 1611 sum
483 1579 712 1623 passus,
747 1567 1052 1609 manifestum
1085 1569 1156 1609 est
1187 1567 1429 1622 pertinere
1462 1568 1522 1610 ad
1555 1568 1604 1610 id
1637 1571 1824 1622 tempus

178 1659 275 1702 quo
303 1648 409 1702 post
438 1646 734 1701 rogationem
769 1658 797 1688 a
823 1645 870 1688 P.
895 1644 1058 1688 Clodio
1092 1646 1142 1687 in
1175 1657 1285 1687 eum
1318 1646 1671 1701 promulgatam
1705 1646 1823 1688 urbe

179 1723 338 1768 cessit.
387 1735 536 1779 quare
563 1723 693 1766 dicat
717 1723 1014 1766 insidiata
1045 1723 1314 1778 Pompeio
1342 1726 1425 1766 est
1451 1723 1662 1766 fortassis
1682 1736 1824 1779 quae-

180 1801 310 1845 ratis.
390 1801 560 1843 Pisone
593 1803 642 1843 et
681 1799 884 1843 Gabinio
921 1812 1036 1843 coss.
1075 1801 1210 1855 pulso
1253 1799 1484 1844 Cicerone
1522 1802 1572 1843 in
1611 1801 1826 1855 exilium,

181 1879 296 1924 cum'
335 1878 407 1922 III
448 1878 516 1922 Id.
559 1877 763 1921 Sextiles
806 1878 1059 1933 Pompeius
1106 1878 1155 1920 in
1202 1881 1420 1921 senatum
1469 1879 1616 1934 venit,
1653 1879 1830 1921 dicitur

180 1969 321 2002 servo
346 1957 395 2000 P.
419 1955 572 2000 Clodii
604 1957 703 1999 sica
735 1957 982 2011 excidisse,
1017 1968 1168 2011 eaque
1201 1957 1260 1998 ad
1295 1956 1552 1999 Gabinium
1585 1958 1829 2000 consulem

181 2035 343 2078 delata
375 2034 556 2077 dictum
590 2036 661 2077 est
692 2046 831 2077 servo
864 2034 1154 2089 imperatum
1181 2047 1210 2076 a
1231 2034 1279 2076 P.
1305 2033 1468 2076 Clodio
1496 2037 1548 2076 ut
1578 2035 1831 2090 Pompeius

255 2175 279 2204 1.
298 2171 456 2204 Marciam
476 2175 658 2209 Manutius,
681 2175 833 2203 martiam
856 2176 886 2203 G.
942 2174 1111 2203 licinniam
1133 2176 1176 2209 M,
1201 2175 1378 2203 luciuniam
1400 2178 1429 2203 S.
1503 2179 1527 2204 2.
1548 2178 1580 2203 et
1599 2176 1690 2210 isque
1705 2178 1738 2203 et
1756 2174 1832 2203 SM.

182 2231 209 2258 8.
227 2229 311 2258 alios
331 2230 361 2258 S.
433 2232 459 2257 4.
479 2229 648 2257 extimatio
669 2230 703 2257 P.
785 2232 810 2257 8.
830 2228 883 2257 hic
901 2238 933 2265 p,
957 2229 1018 2258 hoc
1044 2231 1074 2257 C.
1158 2233 1200 2257 12.
1221 2229 1268 2258 sic
1289 2230 1327 2265 (si
1350 2231 1401 2265 M)
1422 2230 1491 2258 ulla
1511 2238 1574 2265 qua
1593 2230 1744 2258 matilina
1757 2231 1832 2258 SM.

183 2285 226 2311 14.
245 2282 320 2312 huic
339 2284 368 2311 P
380 2283 451 2317 Cic„
474 2282 570 2312 huius
591 2285 666 2311 SM.
722 2290 785 2311 non
805 2291 875 2311 sum
896 2291 1009 2318 passus
1030 2284 1100 2317 Cic„
1124 2291 1237 2319 passus
1251 2292 1314 2312 non
1331 2292 1400 2312 sum
1416 2285 1482 2318 SP,
1506 2291 1619 2319 passus
1633 2292 1691 2312 nos
1705 2291 1774 2312 sum
1789 2285 1832 2312 M.

185 2339 228 2366 15.
246 2335 307 2366 heo
327 2338 359 2372 S,
380 2336 441 2366 hcc
455 2338 499 2371 M,
522 2336 603 2378 heoc
616 2338 651 2364 P.
707 2336 862 2365 insidiato
882 2338 913 2371 S,
936 2337 1058 2365 insidia
1078 2338 1120 2365 M.
1194 2340 1236 2365 16.
1256 2337 1339 2372 quod
1360 2338 1441 2366 dicit
1460 2339 1492 2372 S,
1515 2337 1575 2366 hec
1595 2339 1674 2366 PM.
1729 2338 1833 2366 inten-

185 2393 256 2420 tata
273 2391 308 2419 P.
362 2391 448 2420 obici
467 2398 525 2419 vos
544 2393 580 2425 P,
614 2391 772 2419 obicimus
801 2392 876 2419 SM.
987 2394 1029 2419 18.
1049 2398 1111 2426 quo
1129 2400 1161 2427 p,
1195 2392 1278 2426 quod
1303 2393 1333 2420 C.
1390 2400 1409 2420 a
1428 2384 1463 2420 P.
1482 2391 1594 2420 Clodio
1614 2393 1720 2427 Pmy.²‚
1749 2392 1833 2427 apud

185 2443 332 2475 clodium
352 2445 419 2478 SP,
442 2444 477 2472 P.
496 2443 608 2472 Clodio
629 2446 672 2472 M.
746 2447 789 2472 19.
809 2447 858 2472 est
877 2445 957 2478 Ala„
982 2447 1014 2472 et
1039 2445 1069 2472 C.
1155 2447 1198 2473 20.
1217 2445 1345 2473 sabinio
1366 2447 1395 2473 S.
1483 2448 1525 2473 22.
1545 2445 1615 2473 sica
1634 2447 1669 2479 P,
1693 2445 1740 2474 ita
1759 2447 1834 2474 SM.

186 2499 230 2526 2³.
250 2496 360 2526 delata
377 2498 458 2531 PM,
481 2517 650 2526 ..........
669 2499 700 2526 S.

186 2622 404 2659 nestella
439 2633 501 2668 ap.
535 2624 706 2659 Macrob.
734 2633 763 2659 s.
802 2623 820 2658 I
848 2624 903 2669 10,
930 2624 971 2669 53
1045 2623 1236 2670 Cic.pro
1253 2625 1340 2660 Mil.
1356 2626 1388 2670 7,
1408 2625 1545 2670 18-193
1566 2624 1611 2660 de
1628 2625 1714 2660 har.
1733 2635 1832 2670 resp.

187 2681 322 2718 Plut.
361 2692 471 2728 quae.
496 2683 566 2718 Ro.
592 2683 656 2729 833
693 2683 782 2718 Dio
821 2682 878 2727 fr.
916 2683 973 2729 85,
1046 2685 1103 2730 23,
1130 2684 1195 2730 493
1221 2687 1263 2719 in
1290 2685 1368 2720 Pis.
1396 2685 1453 2730 1⁵2,
1470 2685 1536 2731 283
1556 2696 1633 2730 pro
1655 2685 1749 2720 Sest.
1775 2685 1833 2730 32,

188 2742 211 2777 3
236 2751 342 2788 sqq.;
368 2740 471 2778 Cic.
497 2743 613 2778 Brut.
639 2742 697 2788 43,
725 2743 813 2788 1603
839 2741 972 2779 Oros.
1046 2745 1110 2790 693
1142 2745 1199 2790 39,
1232 2745 1296 2790 843
1335 2745 1460 2780 Plut.
1503 2745 1575 2780 Cic.
1602 2746 1665 2790 333
1697 2745 1832 2790 Pomp.

188 2801 222 2837 V
236 2801 371 2846 15,22;
394 2802 560 2847 perioch.
574 2801 672 2838 Liv.
699 2802 847 2847 LX111;
867 2802 974 2837 Por·
1047 2805 1182 2850 48-493
1201 2804 1288 2840 Dio
1317 2805 1526 2840 XXXVIII
1548 2806 1605 2850 30,
1625 2806 1643 2840 1
1672 2816 1768 2851 sqq„
1789 2805 1834 2840 de

189 2860 334 2908 phyr.
360 2862 498 2897 Horat.
524 2864 596 2897 sat.
623 2862 641 2897 I
667 2863 701 2908 6,
728 2863 791 2907 303
830 2862 859 2897 I.
887 2861 975 2898 Ob·
1047 2874 1133 2899 aere
1157 2865 1208 2899 al.
1236 2865 1322 2899 Mil.
1349 2864 1431 2910 fry.
1458 2864 1521 2910 IV,
1548 2864 1617 2900 IX.

190 2931 272 2967 seq.
299 2921 355 2957 97.
1096 2925 1142 2960 20
1168 2924 1311 2959 Pisone
1333 2928 1372 2959 et
1399 2923 1568 2960 Gabinio
1588 2934 1704 2960 coss.:
1724 2934 1758 2960 a.
1777 2924 1833 2959 58.

241 2981 287 3017 15
300 2981 398 3017 haec
412 2981 598 3018 insidiata
610 2982 800 3028 Pompeio
815 2986 875 3018 est
889 2987 976 3019 etex
1780 2982 1781 2986 ’

1859 1499 1903 1534 41
1920 1499 1990 1534 KS

1859 1577 1905 1612 47
1922 1577 1956 1611 l}
