2300 3528
166 317 307 363 nibus
330 316 507 360 Romae
530 316 948 371 depugnaverant:

776 219 831 255 IN
858 218 1198 255 MILONIANAM
1764 218 1811 254 35

976 318 1024 359 et
1046 319 1185 358 erant
1207 318 1407 371 uterque
1431 316 1635 358 audacia
1657 327 1810 370 pares,

164 394 248 438 sed
278 394 390 438 Milo
426 405 512 450 pro
545 394 823 436 melioribus
853 394 1068 449 partibus
1100 394 1268 436 stabat.
1331 396 1582 448 praeterea
1615 393 1664 435 in
1698 405 1811 435 eun-

164 470 275 515 dem
322 483 502 514 annum
540 471 842 513 consulatum
882 470 1009 524 Milo,
1053 470 1245 513 Clodius
1287 473 1563 525 praeturam
1605 470 1811 525 petebat,

163 561 310 605 quam
340 549 551 592 debilem
578 549 790 591 futuram
813 549 1007 591 consule
1033 548 1208 590 Milone
1236 548 1559 602 intellegebat.
1624 547 1811 601 deinde,

104 633 127 668 5
163 639 274 670 cum
306 627 390 670 diu
427 629 582 669 tracta
620 629 778 669 essent
809 626 1003 669 comitia
1042 626 1314 668 consularia
1345 626 1607 681 perficique
1640 626 1699 668 ob
1733 637 1813 668 eas

162 704 290 761 ipsas
319 704 532 760 perditas
564 704 928 747 candidatorum
952 704 1279 746 contentiones
1310 716 1406 746 non
1437 705 1640 758 possent,
1674 705 1722 745 et
1753 703 1811 745 ob

163 782 212 825 id
243 793 408 825 mense
441 781 665 824 Ianuario
692 781 931 824 nullidum
960 793 1115 836 neque
1142 781 1360 823 consules
1386 793 1541 835 neque
1568 782 1812 835 praetores

163 862 323 904 essent
352 859 722 914 trahereturque
765 859 867 901 dies
910 859 1077 901 eodem
1121 871 1214 913 quo
1257 861 1399 901 antea
1435 858 1574 900 modo
1606 883 1664 888 —
1696 858 1810 900 dum

161 937 275 981 Milo
306 948 451 992 quam
473 937 683 993 primum
707 936 902 979 comitia
934 937 1102 979 confici
1136 936 1286 979 vellet
1317 936 1673 990 confideretque
1700 948 1810 978 cum

81 1022 126 1058 10
163 1016 397 1059 bonorum
429 1014 610 1069 studiis,
645 1015 770 1069 quod
814 1014 1073 1056 obsistebat
1105 1012 1283 1068 Clodio,
1318 1016 1418 1055 tum
1458 1014 1604 1056 etiam
1637 1013 1811 1068 populo

163 1095 359 1150 propter
383 1093 557 1136 effusas
578 1092 857 1147 largitiones
879 1092 1213 1146 impensasque
1236 1092 1458 1134 ludorum
1481 1091 1811 1134 scaenicorum

163 1182 220 1214 ac
245 1170 518 1226 gladiatorii
545 1170 759 1212 muneris
786 1169 1036 1222 maximas,
1060 1169 1110 1211 in
1133 1182 1252 1223 quas
1274 1169 1367 1211 tria
1383 1168 1674 1224 patrimonia
1695 1169 1810 1211 effu-

162 1248 288 1292 disse
315 1260 426 1291 eum
449 1246 616 1291 Cicero
639 1247 899 1302 significat;
924 1248 1260 1302 competitores
1282 1247 1384 1289 eius
1404 1247 1596 1289 trahere
1614 1247 1810 1300 vellent,

162 1326 369 1382 ideoque
400 1325 656 1381 Pompeius
687 1337 838 1380 gener
869 1324 1103 1380 Scipionis
1135 1327 1182 1367 et
1204 1325 1253 1367 T.
1280 1325 1521 1367 Munatius
1553 1327 1609 1366 tr.
1643 1325 1705 1379 pl.
1739 1336 1810 1367 re-

59 1404 126 1446 ’15
162 1404 280 1448 ferri
313 1404 373 1446 ad
410 1405 627 1446 senatum
673 1403 731 1445 de
774 1402 990 1457 patriciis
1032 1403 1368 1456 convocandis,
1412 1402 1494 1457 qui
1517 1402 1809 1456 interregem

162 1482 433 1539 proderent,
467 1494 562 1524 non
593 1483 751 1524 essent
777 1481 915 1535 passi,
944 1492 1055 1523 cum
1083 1481 1377 1535 interregem
1400 1480 1604 1535 prodere
1627 1481 1686 1522 ob
1719 1482 1809 1522 sta-

98 1580 103 1584 ·
162 1564 265 1604 tum
297 1571 459 1603 rerum
492 1571 610 1614 opus
642 1560 787 1601 esset:
821 1571 861 1600 a.
883 1559 926 1600 d.
960 1558 1077 1600 XIII
1110 1558 1214 1600 Kal.
1237 1558 1376 1601 Febr.
1399 1583 1458 1588 —
1478 1558 1599 1600 Acta
1631 1557 1809 1600 etenim

164 1638 318 1693 magis
358 1637 602 1693 sequenda
638 1639 686 1679 et
727 1636 879 1691 ipsam
923 1636 1200 1690 orationem,
1244 1648 1367 1691 quae
1409 1636 1542 1678 Actis
1573 1636 1808 1690 congruit,

162 1718 276 1772 puto
308 1727 454 1771 quam
485 1714 820 1768 Fenestellam,
855 1713 937 1768 qui

970 1726 1011 1756 a.
1046 1714 1089 1755 d.
1117 1713 1259 1755 XIIII
1285 1713 1390 1755 Kal.
1417 1713 1555 1755 Febr.
1584 1713 1731 1755 tradit
1752 1738 1810 1742 —

252 1868 278 1894 1.
297 1866 390 1893 erant
406 1872 438 1900 p,
463 1865 534 1892 erat
558 1864 588 1892 C.
643 1862 801 1891 audaciae
822 1863 853 1895 S,
877 1862 1012 1890 audacie
1034 1863 1076 1889 M.
1133 1869 1222 1899 pares
1241 1862 1270 1888 P
1375 1864 1400 1889 5.
1421 1861 1603 1900 perf-eoique
1625 1863 1655 1895 S,
1679 1861 1811 1896 perferi-

161 1927 223 1955 que
243 1920 287 1947 M.
359 1921 385 1946 9.
406 1917 647 1951 confideretque
666 1917 796 1949 Rinkes,
820 1916 1057 1950 conficeretque
1081 1916 1110 1942 C.
1185 1918 1227 1943 10.
1241 1914 1410 1942 obsidebat
1424 1916 1453 1942 S.
1528 1919 1569 1942 11.
1584 1915 1811 1950 impensasque

161 1973 286 2007 Baiter,
308 1971 474 2006 impensas
493 1977 619 2005 quoque
645 1970 675 1998 C.
775 1972 818 1997 12.
838 1968 1056 2004 gladiatorum
1078 1969 1108 2001 S,
1132 1967 1328 2003 gladiatorm
1350 1969 1393 1996 M.
1448 1968 1646 2003 patrimonia
1666 1969 1754 2003 Pm9²
1764 1969 1809 2002 M,

161 2026 231 2064 §lia
249 2027 281 2061 S,
303 2025 408 2062 prelia
426 2026 473 2054 ΡΙ.
558 2027 601 2052 13.
621 2023 856 2058 compeditores
877 2024 907 2050 S.

161 2080 282 2110 matius
305 2081 336 2109 C.
411 2082 453 2107 16.
471 2078 618 2114 prodere]
639 2077 812 2112 proderent
831 2078 892 2104 Ml.

981 2025 1023 2050 14.
1044 2030 1163 2057 genere
1185 2023 1214 2050 S.
1271 2022 1306 2049 T.
1326 2022 1491 2050 Munatius
1511 2022 1692 2055 Manutius,
1716 2022 1736 2050 l.
1756 2030 1812 2050 nu-

967 2078 1063 2104 153-17.
1084 2076 1123 2103 ob
1145 2078 1264 2103 statum
1285 2083 1390 2104 rerum
1412 2083 1491 2110 opus
1512 2079 1597 2104 esset
1617 2084 1681 2111 eqo,
1705 2076 1812 2104 obsta-

162 2137 249 2164 tores
269 2135 380 2163 essent
398 2135 429 2167 S,
453 2135 612 2161 ortatores
633 2134 719 2159 esset
738 2132 773 2165 P,
804 2133 963 2159 ostatores
983 2133 1069 2158 esset
1090 2131 1133 2163 M,
1166 2132 1252 2157 stata
1272 2137 1322 2158 res
1343 2133 1430 2158 esset
1448 2132 1632 2161 Mommsen.
1663 2129 1811 2159 hortatus

161 2197 218 2218 eos
237 2191 324 2218 esset
347 2189 450 2221 Clark,
473 2186 706 2215 obstinatiores
725 2187 834 2214 essent
854 2186 974 2219 Stanyl,
999 2187 1088 2212 certa
1108 2192 1158 2212 res
1179 2186 1265 2211 esset
1285 2185 1469 2215 Buecheler,
1492 2192 1549 2219 per
1569 2191 1624 2212 eos
1644 2187 1811 2212 senatores

162 2245 289 2273 mosset
307 2243 455 2277 Saenyor.
548 2242 590 2268 17.
610 2239 651 2268 ad
670 2240 749 2267 PM.
811 2239 889 2266 XIII
909 2240 1076 2272 Hotoman,
1100 2238 1149 2265 111
1170 2239 1235 2269 SP,
1260 2240 1346 2266 tersa
1368 2239 1410 2266 Μ.
1502 2241 1543 2266 18.
1563 2238 1668 2272 magis
1689 2246 1745 2266 om.
1767 2240 1811 2268 M.

166 2298 209 2325 1⁹.
228 2295 270 2324 nd
288 2296 367 2323 PM.

211 2434 231 2470 1
270 2437 310 2470 et
348 2437 460 2470 erant
497 2436 668 2478 uterque
706 2435 805 2467 etc.:
844 2430 949 2466 Cic.

158 2504 234 2541 pro
258 2494 345 2530 Mil.
370 2494 404 2540 2,
429 2494 514 2538 3-5,
540 2493 670 2528 Vell.
699 2492 805 2527 Pat.
833 2491 871 2526 II
892 2492 949 2536 68,

163 2555 206 2601 23
232 2554 352 2600 App.
377 2554 409 2590 b.
435 2564 465 2590 c.
491 2553 531 2589 II
558 2553 614 2588 16.

211 2614 234 2650 4
259 2623 378 2660 quam
415 2613 584 2649 debilem
620 2615 714 2648 etc:
748 2612 815 2647 cfr.
850 2610 948 2647 Cic.

156 2685 235 2722 pro
259 2673 348 2709 Mil.
371 2673 406 2718 9,
431 2672 488 2709 25.

211 2733 283 2770 4-5
313 2733 456 2769 deinde
494 2743 583 2768 cum
620 2732 688 2767 diu
725 2736 818 2767 etc:
860 2731 947 2767 Dio

164 2794 236 2830 XL
261 2793 318 2839 46,
344 2794 386 2837 3,
411 2793 468 2838 48,
495 2793 527 2828 1.

212 2853 308 2888 9-10
328 2863 416 2888 cum
438 2853 630 2888 bonorum
650 2852 846 2887 studiis...
864 2854 947 2887 tum

165 2914 285 2949 etiam
323 2911 488 2958 populo:
525 2912 593 2947 cfr.
631 2911 731 2948 Cic.
759 2921 836 2957 pro
860 2911 946 2947 Mil.

166 2974 199 3019 1,
224 2974 264 3018 3,
289 2973 322 3018 2,
348 2972 412 3017 35,
438 2972 471 3017 5,
498 2972 554 3008 95.

1072 2431 1113 2465 11
1142 2431 1423 2475 impensasque
1449 2429 1631 2464 ludorum
1658 2430 1809 2465 scaeni-

1024 2500 1159 2525 corum
1188 2493 1284 2525 etc.:
1314 2500 1348 2524 a.
1377 2489 1441 2533 54,
1479 2489 1576 2525 Cic.
1603 2489 1656 2524 acl
1685 2489 1724 2530 Q.
1752 2488 1808 2533 fr.

1021 2549 1081 2584 III
1108 2550 1140 2594 8,
1163 2550 1202 2595 6,
1227 2550 1261 2594 9,
1287 2549 1328 2594 ‘23
1353 2549 1405 2584 ad
1431 2549 1530 2593 fam.
1558 2548 1645 2593 116,
1672 2550 1711 2594 3,
1732 2559 1809 2594 pro

1022 2610 1109 2645 Mil.
1136 2610 1193 2655 35,
1219 2610 1276 2645 95.

1071 2670 1116 2705 14
1158 2670 1370 2715 Pompeius
1416 2679 1541 2715 gener
1591 2669 1810 2714 Scipionis:

1021 2730 1149 2766 Plut.
1169 2731 1305 2775 Pomp.
1326 2730 1382 2774 55,
1400 2729 1492 2764 Dio
1512 2729 1582 2764 XL
1601 2730 1657 2774 51,
1675 2730 1697 2764 2
1712 2741 1809 2775 sqq.;

1022 2791 1123 2836 App.
1149 2791 1182 2826 b.
1209 2802 1239 2825 c.
1274 2790 1312 2825 II
1337 2790 1400 2835 243
1438 2789 1543 2825 Val.
1585 2790 1712 2824 Max.
1752 2789 1808 2824 IX

1023 2851 1055 2895 5,
1082 2851 1124 2895 33
1150 2850 1269 2885 Vell.
1297 2849 1400 2884 Pat.
1428 2849 1467 2884 II
1494 2850 1550 2893 54,
1577 2849 1610 2884 ⁶2.

1070 2910 1116 2946 18
1141 2910 1267 2955 ipsam
1307 2910 1550 2945 orationem:
1592 2908 1694 2944 Cic.
1733 2920 1809 2955 pro

1021 2972 1108 3008 Mil.
1135 2971 1191 3018 10,
1217 2971 1274 3007 27.

1848 321 1944 356 3⁶23

1850 691 1895 726 27
1910 691 1980 727 KS

1850 738 1893 773 31
1917 738 1950 775 G

1847 1490 1939 1525 318
