2300 3528
331 685 430 721 190

333 839 375 874 17
396 838 464 873 KS

329 1147 374 1181 23
394 1147 424 1182 S

511 277 556 312 22
1201 275 1449 312 ASCONIVS

510 376 755 428 postquam
782 385 842 415 ex
868 372 1115 427 provincia
1140 372 1362 422 redierat,
1385 372 1573 414 dixerat
1592 385 1678 427 pro
1714 371 1762 415 C.
1786 366 1976 427 Catone,
1998 372 2132 428 isque

511 453 614 492 erat
638 451 877 492 absolutus
908 463 949 492 a.
972 450 1015 491 d.
1039 449 1133 491 IIII
1164 448 1280 491 Non.
1304 447 1462 501 Quint.
1525 449 1624 504 ipse
1650 462 1759 492 cum
1782 450 1842 492 ad
1863 449 2134 492 consulatus

510 527 785 580 petitionem
818 539 857 568 a.
892 527 934 568 d.
969 526 1039 567 III
1061 525 1164 567 Kal.
1193 525 1351 578 Quint.
1375 525 1570 568 Romam
1593 526 1803 580 redisset,
1826 525 2135 580 querentibus

510 603 568 644 de
605 615 659 644 eo
696 603 867 657 Sardis,
911 615 939 645 a
979 603 1026 645 P.
1060 603 1251 645 Valerio
1293 603 1490 656 Triario,
1533 603 1834 646 adulescente
1871 590 2035 658 parato
2071 602 2132 646 ad

510 680 763 721 dicendum
797 682 844 721 et
874 682 1012 721 notae
1049 680 1309 721 industriae
1342 705 1399 709 --
1430 680 1526 721 filio
1559 680 1659 722 eius
1700 680 1781 734 qui
1823 680 1873 722 in
1913 679 2133 723 Sardinia
2167 689 2191 725 5

509 759 674 798 contra
704 757 762 798 M.
795 757 1026 811 Lepidum
1053 769 1187 798 arma
1208 757 1383 798 tulerat
1404 759 1451 798 et
1471 758 1574 810 post
1595 757 1644 798 in
1669 756 1781 798 Asia
1811 757 1995 810 legatus
2014 756 2131 799 Pon-

509 836 648 887 toque
685 833 735 875 L.
768 833 955 875 Luculli
988 834 1155 887 fuerat,
1189 845 1297 874 cum
1330 833 1369 875 is
1400 833 1578 891 bellum
1616 836 1781 891 contra
1810 833 2131 876 Mithridatem

508 913 696 963 gereret
727 935 783 939 —
815 910 1075 964 postulatus
1106 911 1174 952 est
1204 910 1329 964 apud
1361 910 1419 952 M.
1447 909 1672 952 Catonem
1700 912 1967 965 praetorem
1998 920 2130 965 repe-

508 987 777 1045 tundarum,
812 989 862 1027 ut
893 987 941 1027 in
967 986 1097 1028 Actis
1128 987 1355 1040 scriptum
1379 989 1460 1040 est,
1482 987 1636 1041 pridie
1667 986 1823 1029 Nonas
1848 985 2008 1039 Quint.
2029 987 2133 1042 post

470 1057 473 1060 ’
508 1063 633 1104 diem
666 1064 858 1104 tertium
891 1076 1033 1117 quam
1070 1062 1116 1105 C.
1152 1062 1263 1104 Cato
1297 1066 1400 1104 erat
1430 1064 1682 1105 absolutus.
1754 1063 2134 1118 subscripserunt
2169 1074 2214 1108 10

507 1139 690 1180 Triario
722 1140 771 1180 in
803 1138 1033 1180 Scaurum
1065 1139 1115 1181 L.
1148 1139 1324 1181 Marius
1356 1139 1405 1181 L.
1429 1140 1473 1193 f.,
1502 1140 1564 1181 M.
1588 1143 1635 1181 et
1661 1139 1714 1192 Q.
1737 1140 1934 1183 Pacuvii
1962 1140 2132 1182 fratres

507 1216 786 1269 cognomine
820 1215 1018 1258 Claudii.
1082 1217 1162 1270 qui
1195 1216 1512 1270 inquisitionis
1543 1217 1592 1258 in
1623 1216 1891 1259 Sardiniam
1922 1217 2132 1272 itemque

506 1293 554 1333 in
587 1291 826 1334 Corsicam
859 1293 1036 1334 insulas
1067 1293 1168 1334 dies
1199 1293 1403 1348 tricenos
1428 1296 1717 1348 acceperunt
1747 1306 1901 1348 neque
1931 1294 2131 1348 profecti

506 1371 614 1409 sunt
650 1369 709 1410 ad
745 1369 1107 1423 inquirendum:
1155 1369 1290 1411 cuius
1336 1369 1406 1411 rei
1454 1370 1578 1412 hanc
1615 1382 1807 1411 causam
1854 1369 2130 1424 reddebant,

506 1445 629 1498 quod
663 1445 847 1486 interea
878 1445 1071 1487 comitia
1102 1445 1371 1487 consularia
1407 1445 1567 1487 futura
1599 1449 1774 1499 essent;
1816 1446 1984 1488 timere
2016 1457 2130 1500 ergo
2167 1456 2213 1491 15
2282 1476 2289 1482 -

506 1534 554 1563 se
588 1534 647 1563 ne
673 1521 877 1564 Scaurus
909 1535 966 1564 ea
996 1522 1212 1576 pecunia,
1246 1534 1388 1576 quam
1421 1535 1450 1564 a
1480 1523 1618 1564 sociis
1649 1516 1928 1577 abstulisset,
1951 1525 2133 1565 emeret

507 1599 802 1641 consulatum
835 1602 894 1652 et,
927 1599 1049 1641 sicut
1079 1602 1214 1653 pater
1235 1599 1337 1641 eius
1358 1599 1557 1653 fecisset,
1584 1602 1693 1641 ante
1718 1612 1861 1654 quam
1884 1600 1942 1642 de
1974 1612 2030 1642 eo
2061 1599 2130 1643 iu-

507 1677 656 1718 dicari
689 1679 855 1730 posset,
890 1677 1217 1730 magistratum
1251 1677 1395 1718 iniret
1435 1689 1492 1718 ac
1533 1689 1695 1719 rursus
1727 1680 1837 1719 ante
1877 1678 1996 1720 alias
2025 1683 2129 1733 pro-

507 1754 690 1795 vincias
721 1754 944 1807 spoliaret
965 1766 1107 1807 quam
1131 1754 1361 1795 rationem
1383 1754 1554 1807 prioris
1575 1754 1996 1796 administrationis
2025 1753 2130 1797 red—

507 1831 653 1872 deret.
676 1830 880 1872 Scaurus
901 1843 1134 1872 summam
1152 1831 1375 1872 fiduciam
1398 1831 1447 1872 in
1464 1831 1649 1885 paterni
1666 1831 1870 1873 nominis
1886 1831 2130 1885 dignitate,
2165 1845 2212 1881 20

508 1920 729 1961 magnam
752 1908 801 1949 in
824 1908 1170 1950 necessitudine
1193 1907 1274 1950 Cn.
1298 1908 1509 1962 Pompeii
1530 1908 1689 1962 Magni
1717 1899 1987 1963 reponebat.
2048 1908 2130 1951 ha·
2228 1894 2229 1897 Ἰ

508 1985 650 2026 bebat
681 1985 808 2026 enim
842 1985 991 2026 filium
1018 1985 1277 2026 liberorum
1304 1983 1385 2026 Cn.
1408 1985 1619 2039 Pompeii
1643 1985 1861 2027 fratrem:
1887 1997 1999 2028 nam
2018 1985 2129 2028 Ter-

509 2061 636 2114 tiam,
670 2060 926 2103 Scaevolae
954 2061 1115 2114 filiam,
1144 2061 1385 2103 dimissam
1408 2073 1437 2103 a
1457 2061 1679 2116 Pompeio
1697 2062 1746 2104 in
1775 2061 2129 2104 matrimonium

507 2138 722 2180 duxerat.
755 2138 814 2179 M.
848 2137 1074 2180 Catonem
1101 2140 1274 2191 autem,
1322 2138 1403 2191 qui
1444 2138 1492 2179 id
1533 2138 1776 2192 iudicium,
1826 2141 1876 2180 ut
1907 2138 2128 2193 diximus,

596 2263 620 2286 1.
634 2259 665 2286 C.
678 2259 798 2286 Catone
818 2259 908 2293 isque
923 2259 1058 2293 Pogyyius
1077 2260 1120 2292 M,
1144 2266 1180 2286 co
1201 2261 1314 2286 catone
1335 2258 1425 2292 isque
1445 2260 1475 2292 S,
1499 2266 1536 2286 eo
1557 2246 1798 2294 catone-eisque
1817 2260 1852 2287 P.
1923 2262 1948 2288 2.
1967 2267 1995 2288 a.
2015 2259 2044 2288 d.
2062 2259 2130 2288 1111

508 2312 611 2345 Beier,
635 2312 674 2339 ad
695 2312 760 2339 IIII
781 2313 855 2345 SM,
879 2312 919 2339 ad
940 2312 988 2338 III
1008 2313 1040 2339 P.
1095 2312 1163 2346 ipse
1183 2313 1206 2338 S
1214 2313 1248 2343 P,
1271 2311 1345 2339 inde
1366 2313 1450 2346 Pmy,
1473 2311 1547 2339 inde
1567 2312 1636 2346 ipse
1656 2313 1698 2340 M.
1770 2314 1795 2340 3.
1814 2320 1842 2340 a.
1861 2312 1889 2340 d.
1907 2313 2013 2347 Beier,
2035 2313 2076 2341 ad
2099 2313 2130 2341 0.

507 2365 616 2398 quinto
638 2367 666 2392 S.
739 2367 763 2391 4.
784 2365 832 2399 eo]
853 2372 914 2398 quo
935 2366 964 2392 S.
1001 2364 1126 2391 Triario
1147 2372 1203 2392 om.
1224 2366 1252 2391 S.
1325 2367 1350 2392 8.
1370 2366 1418 2392 est
1437 2365 1558 2398 Baiter,
1582 2373 1638 2392 om.
1662 2366 1692 2393 C.
1763 2368 1788 2393 9.
1801 2365 1894 2393 nonis
1913 2365 2037 2400 quintio
2056 2367 2080 2394 S
2088 2366 2130 2394 M.

508 2421 549 2446 10.
569 2417 600 2445 C.
620 2418 783 2451 Heinrich,
806 2426 864 2445 om.
890 2420 919 2445 (J.
992 2421 1033 2445 11.
1053 2418 1097 2452 in]
1118 2426 1148 2444 ni
1169 2419 1198 2445 S.
1239 2418 1271 2445 i..
1291 2417 1412 2445 Marius
1431 2418 1596 2452 Lodoicus,
1620 2418 1656 2451 Q.
1675 2418 1796 2446 Marius
1819 2420 1850 2446 0.
1886 2418 1928 2446 M.
1947 2419 2127 2454 Manutius,

507 2479 563 2498 om.
588 2473 618 2498 C.
672 2470 803 2511 pacuijii
824 2472 858 2504 P,
899 2471 1006 2505 pacuii
1027 2472 1065 2497 M
1169 2474 1210 2498 12.
1229 2471 1448 2504 inquisitionis
1475 2471 1784 2505 Kiessliny-Schoell,
1808 2471 2032 2506 inquisitiones
2051 2473 2127 2507 SM,

507 2524 747 2558 inquisitionem
769 2525 802 2551 P.
875 2526 918 2551 13.
938 2524 1078 2551 corsieas
1098 2525 1127 2550 S.
1218 2526 1259 2551 15.
1279 2524 1382 2558 quoad
1403 2525 1476 2551 SM.
1532 2526 1624 2552 erant
1641 2525 1720 2551 PM.
1756 2531 1834 2558 erga
1853 2525 1883 2552 S.
1961 2527 2004 2553 16.
2022 2525 2063 2554 ab
2082 2532 2131 2554 so-

507 2577 566 2605 ciis
586 2579 619 2605 P.
693 2579 734 2604 17.
754 2577 938 2604 consulatus
958 2578 1032 2604 SM.
1106 2579 1147 2604 18.
1167 2576 1249 2604 inire
1269 2578 1312 2610 M,
1336 2577 1368 2604 in
1389 2585 1423 2604 re
1443 2579 1472 2605 S.
1527 2579 1601 2605 ante
1620 2578 1699 2610 PM,
1724 2577 1756 2604 in
1776 2579 1806 2605 S.
1878 2580 1921 2606 1⁸³.
1941 2578 2080 2613 apellare
2099 2580 2130 2607 S.

507 2634 549 2658 21.
569 2629 805 2658 necessitudine
824 2631 867 2663 M,
891 2638 947 2658 om.
966 2631 1000 2658 P.
1073 2632 1114 2658 22.
1133 2630 1234 2657 filiani
1252 2639 1284 2665 p,
1307 2630 1408 2658 filium
1434 2631 1464 2658 C.

555 2767 577 2801 4
602 2778 625 2802 a
645 2766 687 2801 P.
700 2766 854 2802 Valerio
873 2766 1021 2800 Triario
1037 2769 1129 2800 etc.:
1157 2776 1189 2800 a.
1218 2766 1280 2800 54:
1400 2767 1446 2802 22
1459 2766 1632 2801 Tertiam
1656 2770 1748 2802 etc.:
1765 2767 1891 2803 Plut.
1918 2768 2053 2813 Pomp.
2071 2766 2128 2812 42,

508 2825 603 2861 Cic.
630 2825 682 2860 ad
706 2825 784 2859 Ait.
811 2824 864 2859 IV
890 2825 945 2868 16,
967 2825 1008 2868 63
1035 2824 1090 2868 17,
1118 2824 1149 2858 ἴ).
1232 2850 1236 2854 .
1354 2826 1394 2869 63
1429 2825 1568 2861 Suet.
1597 2825 1698 2861 Caes,
1726 2826 1788 2871 503
1825 2826 1991 2862 Zonar.
2026 2825 2063 2861 X
2083 2827 2128 2871 ὃς

556 2885 577 2919 5
602 2885 641 2918 in
663 2883 842 2918 Sardinia
860 2886 996 2918 contra
1015 2883 1064 2917 M.
1088 2883 1280 2927 Lepidum
1353 2884 1444 2918 Dio
1470 2884 1659 2920 XXXVII
1683 2885 1748 2930 493
1785 2885 1883 2921 Cic.
1917 2885 1970 2920 ad
1992 2886 2071 2920 Att.
2097 2885 2126 2930 I,

509 2947 600 2978 etc.:
627 2954 660 2978 a.
687 2944 743 2978 78.
1355 2943 1410 2988 12,
1439 2934 1488 2987 ’3ς
1523 2943 1576 2978 ad
1605 2942 1703 2987 fam.
1730 2943 1762 2978 V
1787 2944 1820 2989 2,
1847 2945 1879 2988 6,
1913 2943 2127 2979 Scaevolae

555 3004 575 3036 6
602 3003 641 3036 in
668 3003 762 3036 Asia
786 3002 943 3046 legatus
965 3004 1060 3036 etc.:
1086 3012 1120 3035 a.
1140 3002 1184 3037 73
1198 3012 1281 3046 sqq.
1355 3002 1493 3037 filiam:
1520 3002 1610 3036 Dio
1637 3002 1688 3036 LI
1715 3003 1755 3047 23
1782 3002 1868 3038 LVI
1894 3003 1949 3038 38.
