2300 3528
82 1038 130 1076 10

83 1429 130 1466 15

757 233 813 270 IN
839 231 1216 270 CORNELIANAM
1764 233 1810 269 67

166 320 341 388 mag-no
358 333 614 385 conventu,
634 343 904 386 magnaque
925 331 1281 386 exspectatione
1299 331 1406 386 quis
1423 333 1625 374 eventus
1646 329 1812 372 iudicii

166 409 356 453 futurus
376 411 512 464 esset,
535 409 763 463 quoniam
788 410 835 452 et
856 421 885 451 a
905 409 1104 452 summis
1129 409 1248 452 viris
1273 409 1368 452 dici
1397 408 1673 452 testimonia
1696 410 1744 450 et
1764 407 1813 450 id

166 486 371 543 quod-ei
416 486 635 530 dicerent
682 486 898 530 confiteri
936 499 1077 530 reum
1125 487 1590 530 animadvertebant.
1660 487 1815 528 exstat

166 564 330 608 oratio·
350 563 556 608 Cominii
588 565 893 619 accusatoris,
926 577 1071 619 quam
1104 577 1293 607 sumere
1332 564 1382 606 in
1426 576 1595 606 manus
1627 566 1699 606 est
1729 563 1812 605 ali-

166 642 293 698 quod
318 654 494 699 operae
518 643 741 698 pretium,
770 655 864 684 non
891 643 1043 685 solum
1071 645 1266 698 propter
1292 641 1536 685 Ciceronis
1562 642 1812 696 orationes,

166 732 286 776 quas
315 732 402 776 pro
433 719 654 764 Cornelio
685 721 931 775 habemus,
960 721 1042 763 sed
1061 721 1207 763 etiam
1240 723 1434 776 propter
1465 722 1616 763 semet
1647 720 1812 775 ipsam.

167 789 366 854 Ciceros
395 799 454 842 ut
497 799 599 854 ipse
648 798 900 854 significat,
949 799 1205 853 quatriduo
1257 797 1532 842 Cornelium
1571 798 1813 840 defendit:

166 884 286 934 quas
316 877 530 920 actiones
560 877 816 920 contulisse
849 889 959 919 eum
988 877 1037 919 in
1062 877 1180 920 duas
1206 877 1444 919 orationes
1469 878 1681 932 apparet.
1745 876 1813 918 iu-

167 955 357 999 dicium·
381 955 431 998 id
462 955 682 998 exercuit
713 953 768 1008 Q.
793 953 976 998 Gallius
1008 957 1212 1010 praetor.

256 1030 343 1092 ffln
373 1033 466 1076 hac
491 1045 637 1076 causa
661 1035 757 1076 tres
783 1035 894 1075 sunt
919 1034 1242 1088 quaestiones:
1276 1034 1447 1089 prima,
1480 1045 1590 1076 cum
1617 1033 1678 1075 sit
1703 1025 1813 1075 Cor-

165 1111 323 1155 nelius
353 1123 464 1154 reus
495 1111 757 1154 maiestatis
788 1111 908 1166 legis
941 1110 1205 1166 Corneliae,
1234 1114 1396 1154 utrum
1429 1113 1590 1154 certae
1622 1111 1814 1165 aliquae

166 1201 244 1233 res
274 1188 370 1232 sint
399 1201 458 1232 ea
489 1189 597 1244 lege
643 1189 1016 1245 comprehensae
1049 1190 1222 1244 quibus
1255 1190 1365 1232 solis
1402 1201 1512 1232 reus
1553 1189 1814 1231 maiestatis

165 1269 402 1318 teneatur,
428 1267 554 1330 quod
576 1270 804 1323 patronus
827 1268 1060 1321 defendit3
1094 1280 1156 1310 an
1178 1268 1332 1310 libera
1355 1268 1458 1310 eius
1484 1267 1813 1322 interpretatio

166 1345 316 1389 iudici
340 1345 512 1388 relicta
542 1346 616 1400 sit,
658 1346 784 1400 quod
816 1348 1066 1389 accusator
1097 1346 1329 1401 proponit.
1393 1346 1603 1388 secunda
1636 1347 1718 1400 est,
1751 1357 1812 1387 an

166 1423 294 1479 quod
325 1422 574 1467 Cornelius
606 1423 720 1466 fecit
750 1424 944 1467 nomine
977 1414 1239 1467 maiestatis
1271 1427 1504 1467 teneatur.
1568 1423 1729 1478 tertia,
1750 1436 1812 1466 an

166 1501 456 1547 minuendae
487 1502 748 1546 maiestatis
780 1503 995 1545 animum
1027 1500 1293 1560 habueritfl.

803 1687 1063 1731 ENARRA
1077 1687 1180 1731 Tm

590 1777 725 1833 VER.
758 1778 800 1820 A
831 1761 1021 1822 PRIMO
1055 1777 1231 1822 offici
1266 1777 1386 1821 CLX

253 1891 584 1935 Postulatur
625 1892 772 1947 apud
825 1904 908 1935 me
946 1895 1291 1947 praetorem
1339 1892 1588 1947 primum
1621 1892 1687 1934 de
1719 1904 1812 1947 pe-

165 1969 372 2013 cuniis
404 1970 753 2026 repetundis.
824 1972 1151 2025 prospectat
1197 1970 1480 2013 videlicet
1519 1967 1814 2013 'Cominius

254 2132 315 2159 1-2.
334 2137 481 2166 magno-
494 2130 682 2158 testimonia
699 2137 758 2158 om.
780 2131 822 2158 M.
914 2134 938 2157 1.
958 2129 1162 2165 expectatide
1183 2131 1218 2163 P,
1243 2130 1534 2165 exspe....'...‘..S.
1616 2133 1641 2158 2.
1661 2129 1813 2164 quoniam

165 2185 200 2214 et
217 2185 339 2220 manat,
362 2205 513 2212 .........
534 2186 557 2212 S
557 2204 756 2218 ...........
776 2186 810 2212 P.
866 2185 929 2213 dici
953 2185 1140 2212 testimonia
1161 2184 1343 2218 Manutius,
1368 2184 1449 2212 dicit
1468 2184 1588 2212 extimo
1610 2204 1723 2212 .......
1744 2184 1813 2219 (lac.

169 2239 189 2267 9
207 2237 268 2266 lm.
285 2237 325 2273 P)
346 2238 412 2266 SP.
521 2241 546 2266 3.
559 2245 655 2266 ·reum
682 2238 865 2272 Manutius,
898 2259 1013 2266 .......
1033 2239 1108 2271 SM,
1133 2246 1190 2265 om.
1208 2239 1242 2265 P.
1298 2237 1513 2266 advertebant
1542 2239 1616 2266 SM.
1672 2240 1748 2266 exta
1767 2239 1814 2266 ΡΙ.

164 2294 192 2320 4.
209 2291 349 2321 Cominii
372 2292 565 2326 Gronovius,
589 2291 730 2320 hominis
755 2293 785 2320 C.
858 2294 919 2320 4-5.
939 2292 1071 2327 aliquod
1085 2293 1131 2319 ed.
1151 2293 1233 2325 Ven„
1257 2292 1380 2326 aliquot
1398 2290 1428 2320 C.
1474 2300 1477 2305 ’
1501 2294 1526 2320 5.
1546 2299 1644 2326 opera
1663 2292 1763 2320 etiam
1784 2294 1813 2320 S.

122 2374 124 2377 ,
164 2348 191 2374 6.
210 2344 276 2382 ἶβῆ
293 2347 328 2374 Ρ.
400 2348 425 2374 ’1.
445 2348 480 2374 ut
500 2346 814 2381 Kiesslc'ny-Schoell,
838 2354 895 2374 om.
919 2347 949 2375 C.
1031 2350 1055 2374 8.
1075 2353 1156 2380 quas
1176 2346 1342 2379 Lodoicus,
1367 2346 1447 2374 duas
1471 2347 1501 2374 C.
1524 2353 1527 2369 :
1557 2354 1629 2374 eum
1650 2346 1683 2374 in
1702 2348 1814 2374 Βαναί-

165 2399 237 2433 dm,
260 2406 332 2428 cum
350 2399 386 2427 in
410 2400 440 2428 C.
496 2402 631 2435 apparet
648 2408 680 2435 p,
703 2402 859 2434 appareat
884 2400 914 2428 C.
996 2402 1057 2427 8-9.
1077 2398 1209 2427 idici‘um
1231 2400 1265 2427 P.
1327 2408 1329 2410 ·
1349 2402 1375 2427 9.
1395 2399 1522 2427 Gallius
1542 2400 1725 2434 Manutius,
1746 2400 1814 2436 gal-

165 2452 216 2481 lus
240 2454 271 2481 C.
318 2469 322 2474 -
356 2455 452 2481 10-16.
472 2460 529 2480 om.
548 2454 583 2481 P.
694 2456 735 2480 12.
755 2453 821 2481 sint
842 2454 1155 2488 Kiessliny-Schoell,
1179 2455 1254 2481 sunt
1273 2454 1347 2481 SM.
1413 2460 1452 2481 ea
1472 2453 1546 2488 lege
1566 2455 1749 2487 Mommsen,
1773 2462 1813 2482 ex

163 2506 239 2542 loge
259 2507 353 2535 SM.-
444 2509 540 2535 13-14.
566 2507 794 2542 interpretatio
823 2507 923 2535 iudici
953 2508 1268 2542 Kiessliny-Sclzoell,
1299 2507 1568 2542 interpretatione
1596 2508 1710 2536 iudicii
1739 2509 1814 2536 SM.

165 2563 208 2590 15.
227 2560 359 2589 nomino
386 2561 519 2595 Purser,
552 2569 593 2590 nc
613 2569 652 2589 ca
672 2563 703 2595 S,
735 2569 775 2589 ne
796 2569 835 2590 ea
855 2563 897 2589 M.
1007 2564 1049 2590 17.
1069 2561 1376 2595 enarratio-Baiter,
1409 2570 1466 2589 om.
1491 2563 1521 2590 G.
1632 2565 1673 2590 18.
1693 2570 1750 2590 om.
1770 2564 1813 2590 M.

164 2614 245 2643 Plu.
263 2615 300 2644 P.
353 2613 434 2642 CLX
453 2615 768 2651 Kiessliny-Schoell‚
828 2615 925 2643 CLXI
949 2617 979 2644 C.
1079 2618 1120 2644 19.
1141 2615 1225 2651 apud
1244 2624 1295 2643 me
1316 2617 1498 2650 praetorem
1518 2616 1700 2650 Manutius,
1723 2625 1742 2645 a
1762 2625 1812 2645 me

164 2669 337 2705 pua)etore
361 2669 392 2698 G.
446 2661 583 2704 pinnum
604 2677 662 2698 om.
681 2670 724 2698 M.
798 2669 1019 2699 zum->minius
1038 2671 1073 2704 P,
1098 2670 1243 2699 cominus
1263 2671 1306 2698 M.
1382 2669 1385 2672 ⁴

212 2813 235 2850 6
253 2813 331 2851 ‚sed
349 2791 469 2852 etiam
485 2817 645 2860 propter
663 2818 788 2851 semet
807 2816 950 2860 ipsam:
1073 2816 1094 2852 7
1121 2815 1331 2861 quatriduo
1357 2794 1582 2852 Cornelium
1617 2815 1811 2851 defendit:

166 2874 234 2910 cfr.
267 2873 370 2910 Cic.
401 2875 518 2910 Brut.
545 2876 602 2920 78,
628 2875 696 2911 271
725 2876 780 2920 (in
807 2886 885 2921 quo
912 2879 969 2911 et·
1024 2876 1154 2911 Plin.
1181 2886 1237 2921 ep.
1264 2876 1283 2911 I
1308 2876 1368 2921 20,
1392 2876 1427 2911 8.

166 2935 428 2980 compositum
455 2934 613 2970 dicendi
638 2945 768 2981 genus
795 2939 834 2970 et
859 2945 951 2971 acre
1071 2936 1117 2971 19
1143 2936 1372 2972 Postulatur
1398 2940 1497 2972 etc.:
1536 2947 1568 2971 a.
1604 2936 1673 2972 66:
1711 2936 1810 2973 Dio

166 2996 206 3030 et
231 2993 461 3042 expeditum
487 2994 587 3037 fuit).
1024 2995 1193 3032 XXXVI
1218 2996 1276 3041 44,
1297 2997 1330 3031 1.

1851 414 1944 450 6213

1851 648 1952 685 620

1850 1436 1897 1474 55
1923 1437 1992 1474 ΚΒ
