2300 3528
91 1057 139 1092 10

90 1445 138 1482 15

89 2226 138 2262 25

546 255 602 291 IN
629 254 935 291 ORATIONEM
963 255 1018 292 IN
1043 254 1187 291 TOGA
1213 254 1452 292 CANDIDA
1782 254 1828 289 93

174 352 303 408 quod
335 363 434 408 ego
475 354 530 394 ut
569 351 848 394 addubitem
896 353 1017 396 haec
1063 353 1167 408 ipsa
1207 351 1453 395 Ciceronis
1500 352 1650 394 oratio
1699 352 1827 406 facit,

176 429 387 474 maxime
419 429 547 485 quod
579 429 619 472 is
651 430 832 472 nullam
867 431 1158 473 mentionem
1193 430 1264 472 rei
1297 430 1456 484 habet⁷
1480 442 1591 472 cum
1618 430 1829 485 potuerit

175 507 412 552 invidiam
434 508 596 550 facere
614 508 915 562 competitori
939 511 1035 550 tam
1061 508 1267 563 turpiter
1289 508 1522 550 adversus
1542 520 1592 550 se
1610 507 1828 550 coeunti:

174 585 460 642 praesertim
491 597 604 628 cum
635 586 843 628 alterum
886 586 1250 640 competitorem
1292 597 1430 627 suum
1474 585 1735 627 Antonium
1779 585 1829 626 in

165 663 346 707 eadem
387 663 481 706 hac
522 663 737 705 oratione
772 661 915 720 sssuafl
950 664 1208 706 admoneat
1239 675 1323 704 suo
1356 662 1590 705 beneficio
1624 675 1734 704 eum
1769 675 1830 704 ex

172 741 344 784 ultimo
376 741 480 784 loco
512 743 769 796 praeturae
803 741 1113 784 candidatum
1148 741 1208 783 ad
1242 741 1438 783 tertium
1471 740 1764 795 pervenisse.

264 817 478 862 Nescis
510 831 597 861 me
629 821 981 874 praetorem
1017 819 1278 874 primum
1318 831 1449 861 esse
1489 818 1739 873 factum,
1774 821 1828 860 te

174 896 587 940 concessione
620 897 1103 952 competitorum
1137 899 1195 939 et
1227 896 1588 939 conlatione
1621 899 1828 938 centu—

175 974 408 1017 riarum
451 977 509 1017 et
549 986 675 1016 meo
724 973 988 1016 maxime
1036 974 1352 1016 beneficio
1401 986 1472 1016 ex
1521 978 1829 1028 postremo

175 1053 236 1096 in
267 1051 521 1095 tertium
553 1052 756 1112 locum
789 1064 923 1094 esse
955 1052 1343 1095 subiectum?

264 1128 371 1184 Qui
405 1129 555 1185 igitur
599 1129 806 1172 Antonio
858 1129 1251 1184 suffragationem
1305 1141 1440 1172 suam
1495 1129 1828 1184 imputandam

173 1209 323 1262 putat,
355 1207 398 1250 is
427 1206 468 1250 si
499 1206 792 1249 defendisset
823 1205 1094 1260 Catilinam,
1129 1210 1274 1261 caput
1305 1207 1408 1248 eius
1440 1208 1707 1261 protectum
1731 1219 1759 1248 a
1778 1219 1828 1249 se

174 1296 333 1327 nonne
364 1283 660 1339 imputaret?
722 1284 849 1339 quod
882 1284 949 1326 ita
981 1296 1083 1326 esse
1116 1284 1422 1326 manifestum
1447 1287 1518 1326 est
1539 1296 1600 1326 ex
1624 1296 1678 1326 eo
1701 1285 1827 1338 quod

170 1362 334 1405 statim
379 1362 510 1405 dicit.
588 1360 644 1415 Q.
678 1362 808 1404 enim
840 1362 1026 1404 Mucius
1073 1364 1130 1404 tr.
1164 1362 1226 1417 pl.
1260 1362 1592 1404 intercedebat
1639 1374 1699 1404 ne
1748 1362 1827 1404 lex

172 1440 382 1483 ambitus
406 1440 641 1483 ferretur:
675 1440 800 1495 quod
828 1439 989 1482 facere
1015 1451 1101 1494 pro
1129 1438 1336 1482 Catilina
1363 1440 1633 1482 videbatur.
1698 1440 1827 1482 hunc

172 1519 384 1562 Mucium
416 1519 467 1562 in
499 1518 591 1562 hac
623 1519 838 1561 oratione
871 1517 1039 1561 Cicero
1072 1518 1321 1573 appellans
1353 1519 1421 1560 sic
1454 1518 1546 1560 ait:

262 1596 338 1640 Te
370 1600 596 1651 tamen,
629 1595 692 1650 Q.
724 1597 904 1650 Muci,
938 1599 1060 1638 tam
1095 1597 1240 1638 male
1273 1596 1342 1639 de
1376 1597 1583 1651 populo
1617 1596 1673 1639 R.
1709 1597 1825 1638 exi—

173 1675 434 1719 stimare
475 1676 736 1718 moleste
779 1675 930 1729 fer0‚
963 1675 1066 1729 qui
1111 1676 1408 1717 hesterno
1441 1675 1538 1717 die
1572 1687 1660 1717 me
1694 1687 1826 1718 esse

173 1754 403 1809 dignum
435 1753 731 1796 consulatu
764 1753 1029 1806 negabas.
1094 1752 1265 1806 quid?
1298 1753 1534 1808 populus
1560 1753 1617 1796 R.
1646 1754 1828 1795 minus

173 1831 486 1887 diligenter
516 1831 624 1873 sibi
661 1830 970 1873 constituet
1012 1831 1365 1872 defensorem
1400 1843 1561 1885 quam
1596 1834 1651 1873 tu
1686 1831 1827 1873 tibi?

174 1921 298 1952 cum
354 1911 540 1952 tecum
591 1908 731 1950 furti
786 1908 841 1950 L.
897 1906 1140 1950 Calenus
1193 1911 1412 1962 ageret,
1462 1921 1544 1950 me
1598 1909 1823 1963 potissi-

174 1999 318 2030 mum
366 1986 720 2029 fortunarum
770 1989 992 2028 tuarum
1047 1989 1347 2040 patronum
1398 1998 1516 2028 esse
1566 1986 1826 2029 voluisti.

173 2065 335 2109 cuius
383 2065 502 2106 tute
549 2064 851 2106 consilium
899 2064 955 2105 in
1004 2067 1100 2105 tua
1147 2064 1478 2118 turpissima
1525 2076 1695 2106 causa
1735 2065 1825 2106 dc-

173 2142 388 2198 legisti‚
439 2141 601 2184 hunc
650 2141 1174 2184 honestissimarum
1228 2153 1414 2183 rerum
1469 2142 1825 2184 defensorem

173 2218 413 2274 populus
445 2217 501 2260 R.
537 2220 769 2260 auctore
803 2219 854 2260 te
889 2217 1196 2271 repudiare
1230 2218 1452 2271 potest?
1540 2218 1648 2259 nisi
1683 2218 1826 2260 forte

174 2297 277 2339 hoc
316 2295 576 2338 dicturus
619 2307 694 2348 es,
734 2307 838 2349 quo
880 2298 1130 2349 tempore
1174 2307 1298 2336 cum
1341 2294 1401 2337 L.
1436 2293 1642 2337 Caleno
1686 2296 1825 2337 furti

262 2425 289 2452 5.
308 2430 399 2452 suam
419 2425 451 2457 S,
483 2431 542 2452 flua
566 2426 598 2457 G,
631 2423 688 2451 rtet.
710 2424 1024 2457 Kiesslingl—Sehoell.
1118 2426 1178 2451 7-8.
1200 2426 1304 2451 tecum
1326 2423 1472 2451 cessione
1493 2425 1528 2455 P,
1562 2427 1666 2452 tecum
1698 2432 1828 2452 conces-

173 2496 265 2524 sione
285 2496 329 2524 M.
419 2498 445 2524 8.
465 2467 630 2524 conlatige
651 2496 686 2528 P,
709 2495 874 2523 conlatinc
895 2496 970 2522 SM.
1073 2498 1098 2523 9.
1117 2503 1158 2523 ex
1179 2495 1493 2530 Kiesslinq-Sehoew
1517 2498 1549 2523 et
1570 2497 1636 2530 SP,
1661 2499 1692 2524 te
1714 2505 1730 2524 e
1752 2498 1828 2530 1)οῃ-

173 2551 256 2586 qius,
279 2551 311 2578 te
332 2551 366 2578 et
384 2550 427 2578 M.
537 2553 579 2578 11.
599 2549 741 2577 Antonio
760 2558 818 2576 om.
839 2550 888 2576 ΡΙ.
998 2551 1041 2577 12.
1061 2549 1087 2577 is
1108 2550 1135 2576 si
1154 2558 1186 2585 p,
1210 2549 1237 2577 is
1262 2552 1292 2577 C.
1349 2550 1483 2578 catilina
1506 2552 1535 2578 S.
1639 2553 1682 2578 13.
1702 2558 1773 2578 esse
1793 2560 1823 2586 p,

173 2607 261 2633 esset
285 2604 316 2632 C.
390 2606 432 2632 1⁰.
451 2603 620 2639 appellans
639 2603 752 2631 Cicero
773 2605 807 2635 P.
832 2603 938 2631 cicero
959 2603 1142 2638 appellatus
1162 2605 1204 2631 M.
1297 2606 1338 2631 17.
1359 2605 1444 2632 male
1465 2604 1503 2631 (lo
1524 2612 1552 2639 p.
1572 2604 1607 2632 R.
1631 2605 1824 2637 Gronov-ius,

174 2657 313 2687 malecie
334 2659 372 2686 tr.
392 2658 467 2691 SM
490 2658 575 2686 male
597 2657 646 2685 cic
668 2658 695 2685 P
712 2661 740 2685 ee
759 2658 793 2685 in
818 2666 874 2692 my.
895 2657 933 2684 sse
954 2665 988 2685 re
1009 2665 1037 2692 p.
1124 2660 1166 2685 18.
1186 2657 1337 2686 hesterno
1360 2659 1439 2689 ΑΜ..
1464 2662 1598 2686 externa
1619 2661 1649 2690 S,
1673 2658 1825 2686 hesterna

174 2712 253 2739 ΡΜ.
344 2713 388 2738 20.
407 2710 584 2739 constituet
603 2711 706 2743 Halm,
740 2711 938 2738 constituere
964 2711 995 2738 C.
1105 2713 1147 2738 ⁶21.
1168 2714 1273 2738 tecum
1298 2712 1492 2743 Gronovius,
1518 2715 1547 2739 te
1573 2712 1603 2739 C.
1696 2714 1738 2739 23.
1761 2715 1826 2739 tute

177 2765 286 2798 Orelli,
309 2766 344 2792 tu
364 2766 396 2793 et
420 2766 450 2792 C.
506 2764 538 2792 in
560 2767 615 2792 tua
630 2764 818 2799 turpissima
838 2772 895 2792 om.
917 2765 960 2792 M.
1034 2767 1077 2792 26.
1097 2772 1131 2792 es
1152 2765 1334 2797 Mammium,
1357 2767 1406 2792 est
1430 2767 1460 2792 (J.

174 2884 276 2922 Cic.
312 2883 366 2919 ad
389 2884 469 2919 Att.
495 2883 514 2919 I
538 2883 573 2929 2,
600 2885 632 2930 1,
659 2894 749 2930 qua,
784 2888 827 2919 ut
854 2888 962 2919 recte
1083 2886 1105 2918 (ἰ
1132 2886 1378 2930 pervenisse:
1406 2896 1439 2921 a.
1467 2887 1529 2921 67:
1558 2887 1599 2928 Q.
1628 2885 1731 2921 Cic.
1749 2888 1825 2930 pet.

174 2943 440 2980 Lichtenfeldt
462 2947 501 2979 et
527 2942 669 2990 Stangl
695 2944 962 2988 coniecerunt,
1034 2954 1136 2979 conS.
1163 2946 1196 2979 8.

174 3003 397 3040 Fenestella
423 3003 614 3049 deceptus
640 3008 710 3039 est.

1865 1367 1961 1404 860

1864 1680 1910 1714 86
1927 1680 1962 1714 R

1865 1760 1910 1794 67
1927 1758 1956 1793 S

1867 1837 1910 1873 77
1929 1836 1995 1871 Ii'S'
