2300 3528
838 276 1134 314 PRAEFATIO
1711 275 1808 311 XIII

159 379 607 448 subscriptionem
647 397 740 430 suo
780 381 1075 446 exemplari
1114 379 1388 428 adiecisse.
1465 393 1602 442 quae
1635 381 1808 428 conie-

156 473 325 532 ctura,
363 485 693 536 quamquam
744 473 798 519 in
852 487 908 519 re
960 470 1187 519 obscura
1225 472 1280 517 et
1318 467 1526 516 difficili
1566 468 1635 516 ad
1674 468 1806 517 iudi-

156 558 405 620 candum,
446 561 578 608 satis
617 559 910 624 probabilis
948 559 1084 607 mihi
1122 557 1351 606 videtur.

264 647 548 698 Sozomeni
599 649 841 699 codicem
891 651 1094 715 primus
1146 648 1411 696 indicavit
1461 647 1653 695 Mehus
1692 645 1804 713 (cfr.

156 739 322 805 praef.
344 738 414 788 ad
433 737 709 787 Ambrosii
729 739 1062 787 Traversarii
1084 737 1339 803 epistolas
1360 740 1413 785 et
1434 739 1621 797 vitam,
1638 753 1687 802 p.
1704 738 1807 804 45),

135 827 442 894 >descripsit
461 828 742 890 Zacharia,
771 829 1118 877 contulerunt
1144 827 1374 887 Schoell,
1398 826 1579 887 Clark,
1595 826 1806 890 Stangl.

159 917 408 983 equidem
446 933 569 966 eum
622 917 827 967 contuli
866 934 912 966 a.
967 920 1099 966 1905
1146 915 1257 984 (cfr.
1301 917 1457 969 Sturii
1493 916 1717 965 Italiam
1754 916 1810 964 di

158 1007 420 1071 Filoloyia
456 1007 695 1068 classica,
736 1024 785 1072 p.
832 1008 1092 1067 195-197,
1133 1023 1179 1055 a.
1228 1005 1396 1073 1906),
1439 1006 1547 1066 sed,
1588 1022 1711 1053 cum
1751 1007 1806 1053 in

161 1098 275 1146 eius
312 1098 589 1162 scripturis
638 1096 932 1145 referendis
983 1095 1256 1144 interdum
1306 1095 1471 1144 Clark
1511 1098 1565 1144 et
1610 1094 1805 1158 Stangl

159 1188 255 1236 aut
292 1187 439 1235 inter
472 1202 527 1234 se
553 1188 661 1235 aut
698 1202 911 1234 mecum
950 1201 1059 1234 non
1086 1187 1472 1246 consentirent,
1502 1187 1696 1233 iterum
1725 1200 1806 1232 ac-

159 1266 498 1325 curatissime
536 1277 749 1340 inspexi
787 1291 834 1324 a.
881 1276 1032 1324 1917.

217 1381 220 1386 ·
265 1363 438 1414 Paulo
476 1367 605 1413 ante
642 1364 878 1413 diximus
905 1364 1145 1412 codicem
1174 1363 1587 1427 Sangallensem
1626 1379 1806 1411 rursus

159 1455 419 1502 amissum
439 1469 574 1503 esse:
598 1455 780 1519 itaque
802 1453 1104 1514 adwtextum
1124 1452 1349 1502 Asconii
1365 1453 1807 1502 constituendum

159 1545 268 1593 tria
287 1543 401 1593 sola
420 1544 735 1610 apographa
755 1544 953 1608 Poggii
973 1542 1072 1610 (Ρ),
1095 1543 1500 1592 Bai-tholomaei
1522 1541 1630 1610 (M),
1655 1542 1808 1591 Sozo-

162 1634 309 1682 meni
328 1630 404 1700 (S)
428 1633 788 1682 adhibuimus.
867 1636 1087 1681 exstant
1113 1633 1332 1697 quidem
1362 1632 1520 1680 multi
1548 1632 1642 1680 alii
1669 1632 1808 1680 codi-

160 1720 584 1783 cesAsconiani,
609 1722 716 1783 sed,
740 1724 783 1770 si
806 1722 978 1770 solum
998 1722 1309 1770 Parisinum
1332 1723 1467 1770 7833
1491 1723 1805 1786 excipimus,

159 1810 352 1877 reliqui
402 1828 469 1861 ex
519 1812 832 1878 apographo
882 1812 1183 1876 PoggianO,
1225 1812 1382 1876 quod,
1422 1816 1484 1861 ut
1533 1828 1631 1877 par
1675 1815 1806 1871 erat,

161 1903 373 1967 saepius
428 1901 847 1963 describebatur,
906 1905 1186 1966 tamquam
1243 1918 1270 1949 e
1327 1903 1602 1950 communi
1659 1902 1808 1949 fonte

160 2007 346 2040 omnes
385 1990 616 2040 derivati
656 1994 796 2040 sunt.
874 1991 939 2039 de
978 1990 1161 2039 codice
1200 1991 1450 2039 Parisino
1490 1992 1604 2054 egit
1642 1990 1838 2039 Clark·

158 2077 347 2144 (Cla88.
387 2081 612 2141 Review,
641 2097 690 2146 p.
734 2083 831 2129 301
864 2080 897 2128 b
937 2085 992 2129 et
1030 2081 1195 2146 praef.
1238 2080 1364 2129 edit.
1406 2078 1605 2129 Ascon.
1635 2097 1685 2145 p.
1714 2095 1807 2129 XIV

159 2169 282 2219 adn.
322 2170 375 2238 4)
412 2169 716 2235 docuitque,
745 2186 868 2218 eum
918 2186 984 2218 ex
1035 2170 1347 2235 apographo
1388 2169 1672 2219 Sozomeni
1712 2172 1807 2218 ori-

159 2260 343 2322 ginem
381 2257 612 2307 duxisse.
689 2258 881 2323 reliqui
920 2262 1102 2307 autem
1142 2259 1352 2307 codices
1392 2258 1478 2307 vel
1517 2275 1550 2306 a
1587 2258 1806 2307 Clarkio

69 2372 72 2374 ·
160 2347 247 2396 vel
284 2363 317 2396 a
356 2347 606 2412 Sta-nglio
650 2348 731 2396 vel
758 2364 791 2396 a
816 2365 902 2396 me
941 2348 1125 2397 collati
1154 2352 1280 2396 sunt
1313 2363 1498 2396 omnes
1526 2347 1591 2396 ad
1620 2364 1804 2407 unum,

161 2438 356 2486 utiam
383 2453 540 2486 nemo
566 2437 814 2486 dubitare
840 2439 1010 2502 possit
1058 2439 1187 2502 quin
1227 2453 1255 2485 e
1294 2437 1604 2486 Matritensi
1647 2437 1809 2485 fluxe-

161 2527 287 2576 rint.
363 2526 612 2592 equidem
638 2527 736 2575 hos
764 2527 974 2575 codices
1002 2527 1232 2576 contuli:
1270 2526 1675 2575 Fabronianum
1709 2529 1807 2574 150

162 2611 274 2678 (cfr.
314 2614 373 2665 G.
414 2616 845 2676 Giarratan0‚
886 2617 1001 2667 Bw.
1033 2617 1089 2666 di
1113 2617 1266 2666 Filol.
1297 2632 1322 2665 e
1362 2615 1602 2666 d’Is'trzcz.
1632 2617 1804 2677 cla-susa,

162 2720 212 2769 p.
241 2706 486 2766 477-482,
515 2708 683 2773 1906),
707 2706 1137 2755 Laurentianum
1159 2708 1241 2766 50,
1265 2708 1313 2761 4,
1334 2706 1589 2754 Laurent.
1615 2707 1697 2765 54,
1723 2707 1805 2766 27,

161 2793 416 2844 Laurent.
447 2796 530 2855 54,
573 2798 655 2855 29,
698 2795 953 2844 Laurent.
999 2798 1080 2856 53,
1116 2798 1194 2854 15,
1236 2794 1641 2845 Ashburnham.
1685 2798 1804 2856 255,

161 2881 581 2932 Riccardianum
609 2886 727 2944 757,
768 2884 1143 2933 Florentinum
1175 2901 1278 2934 soe.
1309 2884 1553 2934 Columb.
1586 2887 1650 2933 59
1691 2885 1803 2948 (cfr.

165 2971 223 3022 O.
264 2971 698 3034 GiarratanO,
750 2976 786 3023 I
816 2974 984 3024 codici
1030 2975 1299 3036 florentini
1337 2975 1394 3024 di
1442 2975 1671 3024 Asconio
1717 2976 1806 3023 Pe-

342 3135 368 3165 »κ
