2300 3528
758 211 813 252 IN
840 211 1177 250 MILONIANAM
1746 209 1791 246 39

150 307 398 364 labantur;
421 311 504 366 qui
525 311 618 366 filii
640 314 778 354 erant
799 311 848 355 C.
873 311 1074 366 Claudii,
1097 311 1179 366 qui
1203 311 1352 354 frater
1374 311 1530 353 fuerat
1555 309 1722 364 Clodii,
1746 311 1793 351 et
1829 314 1875 349 30
1890 313 1959 348 ΚΒ

150 388 211 431 ob
242 387 292 430 id
323 387 396 430 illi
428 389 587 444 patrui
619 389 693 432 sui
726 392 926 432 mortem
961 390 1096 433 velut
1127 391 1322 432 auctore
1354 389 1501 431 fratre
1539 400 1791 444 perseque-

149 465 338 509 bantur.
409 466 601 509 easdem
639 467 843 510 Faustae
887 470 936 510 et
974 467 1162 509 Milonis
1194 467 1401 509 familias
1431 467 1796 522 postulaverunt

149 542 244 586 duo
266 542 462 598 Valerii,
480 542 636 599 Nepos
658 547 706 587 et
721 544 830 587 Leo.
896 542 1001 602 [[et]]
1019 544 1070 586 L.
1091 544 1363 587 Herennius
1382 544 1558 586 Balbus
1573 543 1621 586 P.
1642 543 1795 586 Clodii

90 632 114 668 τι
150 632 339 676 quoque
371 621 606 664 familiam
629 625 677 665 et
698 622 927 665 comitum
951 622 1054 665 eius
1074 622 1352 677 postulavit3
1387 622 1554 664 eodem
1582 624 1795 676 tempore

150 696 342 742 Caelius
373 698 608 742 familiam
640 700 854 755 Hypsaei
892 703 939 742 et
971 699 1025 753 Q.
1059 699 1272 755 Pompeii
1295 699 1567 755 postulavit.
1632 698 1795 741 adfue—
1833 710 1879 764 33
1894 709 1924 744 S

150 778 264 824 runt
293 775 458 819 Miloni
491 775 545 830 Q.
580 777 874 831 Hortensius,
907 777 966 819 M.
1000 776 1181 831 Cicero,
1224 777 1283 819 M.
1316 777 1585 831 Marcellus,
1617 776 1676 818 M.
1711 774 1795 818 Ca·

150 853 308 909 lidius,
340 853 400 896 M.
434 853 563 909 Cato,
595 855 798 898 Faustus
844 855 989 909 Sylla.
1054 855 1205 898 verba
1241 867 1395 910 pauca
1427 854 1482 908 Q.
1515 854 1798 897 Hortensius

150 931 268 987 fecit
296 931 514 987 dixitque
545 933 721 976 liberos
753 945 854 976 esse
888 945 966 975 eos
998 933 1080 987 qui
1113 945 1198 988 pro
1230 934 1384 976 servis
1415 933 1796 988 postularentur;

68 1016 114 1053 10
151 1021 264 1053 nam
294 1011 400 1066 post
429 1013 674 1052 recentem
707 1010 906 1052 caedem
939 1010 1286 1053 manumiserat
1326 1022 1405 1053 eos
1442 1010 1555 1052 Milo
1587 1010 1675 1052 sub
1708 1009 1798 1051 hoc

150 1087 289 1131 titulo
320 1087 446 1143 quod
479 1091 623 1143 caput
653 1100 792 1130 suum
839 1088 926 1130 ulti
959 1091 1127 1131 essent.
1192 1088 1313 1131 haec
1333 1089 1603 1143 agebantur
1634 1099 1797 1130 mense

150 1165 442 1208 intercalari.
511 1168 630 1221 post·
651 1165 780 1208 diem
829 1166 1126 1208 tricesimum
1159 1166 1259 1209 fere
1292 1179 1437 1221 quam
1471 1169 1575 1208 erat
1606 1164 1799 1208 Clodius

151 1242 335 1286 occisus
355 1240 410 1296 Q.
427 1242 648 1286 Metellus
673 1242 831 1299 Scipio
854 1244 903 1286 in
925 1246 1093 1287 senatu
1116 1247 1282 1287 contra
1304 1244 1362 1287 M.
1385 1243 1666 1287 Ciceronem
1689 1255 1797 1286 con·
1836 1250 1882 1285 36
1898 1250 1934 1284 Β

150 1322 345 1376 questus
376 1323 447 1364 est
477 1321 537 1364 de
569 1321 661 1364 hac
683 1322 830 1364 caede
862 1321 912 1364 P.
947 1320 1114 1365 Clodii.
1179 1322 1351 1365 falsum
1378 1335 1480 1365 esse
1503 1322 1638 1376 dixit,
1672 1322 1798 1376 quod

68 1404 114 1442 15
149 1397 262 1441 Milo
293 1397 363 1441 sic
393 1409 444 1441 se
475 1398 758 1441 defenderet
765 1431 864 1441 .....
899 1397 993 1454 et*,
1028 1398 1247 1442 Clodium
1268 1400 1489 1442 Aricinos
1515 1399 1799 1442 decuriones

150 1475 426 1531 alloquendi
457 1476 614 1531 gratia
655 1477 825 1531 abisse,
859 1477 1127 1532 profectum
1154 1490 1264 1520 cum
1297 1490 1382 1521 sex
1414 1490 1472 1520 ac
1503 1478 1593 1520 XX
1625 1477 1778 1520 servis
1788 1489 1798 1530 ;

150 1552 375 1596 Milonem
397 1553 552 1596 subito
574 1557 679 1609 post
698 1554 867 1597 horam
890 1558 1125 1610 quartam,
1148 1559 1317 1598 senatu
1335 1556 1490 1610 misso,
1514 1568 1624 1598 cum
1647 1556 1800 1598 servis
1837 1561 1883 1596 35
1901 1560 1932 1596 C

151 1629 358 1686 amplius
375 1629 488 1674 000
510 1631 708 1674 armatis
731 1632 924 1675 obviam
948 1633 992 1675 ei
1016 1633 1316 1676 contendisse
1340 1636 1388 1676 et
1413 1646 1559 1688 supra
1589 1633 1801 1676 Bovillas

151 1708 480 1764 inopinantem
507 1709 560 1752 in
577 1709 751 1753 itinere
777 1723 1082 1765 aggressum3
1116 1712 1182 1754 ibi
1205 1712 1254 1754 P.
1278 1710 1497 1754 Clodium
1522 1712 1675 1754 tribus
1696 1712 1800 1754 vul-

67 1793 115 1830 20
151 1786 348 1839 neribus
379 1787 589 1842 acceptis
613 1787 824 1830 Bovillas
849 1789 1116 1843 perlatun1;
1151 1789 1402 1831 tabernam
1435 1789 1485 1831 in
1518 1802 1663 1844 quam
1695 1802 1799 1844 per-

152 1862 342 1918 fugerat
373 1867 698 1919 expugnatam
731 1877 760 1907 a
790 1865 992 1919 Milone;
1025 1867 1358 1909 semianimem
1392 1866 1611 1909 Clodium
1644 1869 1799 1909 extra-

152 1942 283 1985 ctum
298 1973 418 1984 ......
452 1941 502 1984 in
534 1942 616 1985 via
646 1942 802 1998 Appia
842 1943 1053 1986 occisum
1087 1956 1188 1987 esse
1231 1945 1526 1999 anulumque
1563 1942 1722 2001 [[eiusfl
1757 1945 1800 1986 ei

241 2085 266 2110 1.
284 2082 346 2110 mii
365 2083 680 2118 Kiessliny-Schoell,
705 2092 762 2111 om.
787 2086 818 2112 C.
899 2087 958 2113 2-3.
979 2086 1255 2120 persequebantur
1275 2086 1446 2120 Ber-aldus,
1470 2086 1746 2120 prosequebantur
1771 2087 1801 2114 C.

151 2138 179 2165 Δ.
197 2135 322 2165 Valerii
341 2135 451 2171 Nepos
470 2137 653 2171 Manutius,
687 2137 867 2166 valerfitiae
889 2142 979 2173 potes
1000 2140 1030 2173 S,
1063 2139 1180 2167 valerii
1202 2142 1335 2174 nepotes
1357 2141 1434 2167 PM.
1490 2142 1522 2168 et
1551 2142 1582 2173 C,
1610 2140 1668 2167 del.
1699 2141 1803 2169 Clark.

153 2192 254 2227 Atque
272 2190 365 2218 Clark
378 2194 452 2218 ante
466 2190 502 2218 L.
515 2194 543 2218 el
560 2194 632 2226 post
651 2191 829 2226 postulavit
849 2192 1022 2225 discinxie;
1042 2196 1152 2220 contra
1178 2194 1202 2221 C
1218 2197 1288 2228 post
1310 2193 1431 2221 Balbus
1455 2197 1482 2221 et
1503 2194 1570 2221 edd.
1587 2197 1658 2229 post
1672 2193 1801 2221 Caelius

152 2230 439 2281 inm-panderunt.
548 2246 609 2272 5-6.
630 2247 662 2272 et
691 2245 843 2273 comitum
859 2261 874 2265 -
894 2246 1054 2273 familiam
1085 2254 1142 2274 om.
1169 2248 1210 2274 Μ.
1320 2249 1345 2274 G.
1366 2247 1522 2275 caecilius
1543 2248 1573 2281 S,
1607 2247 1742 2275 cecilius
1768 2248 1802 2275 P.

153 2299 215 2327 6-7.
233 2298 394 2328 affuerunt
412 2299 447 2326 P.
520 2301 545 2326 9.
565 2298 645 2326 fecit
664 2299 980 2334 Kiessliny-Schoell,
1005 2308 1062 2327 om.
1090 2302 1119 2328 C.
1201 2303 1242 2328 12.
1259 2301 1428 2329 trit-entem
1451 2303 1524 2329 SM.
1598 2304 1640 2329 13.
1655 2301 1695 2328 Μ.
1715 2301 1803 2329 Cic-c-

154 2357 264 2380 mnem
283 2359 338 2387 ⁶00
357 2351 412 2387 (σω
434 2352 495 2380 Cic.
516 2352 585 2379 Mil.
607 2354 637 2386 5,
663 2352 726 2386 12),
751 2352 792 2380 M.
812 2352 1033 2388 C(a)epi0nem
1059 2355 1091 2387 C,
1115 2354 1157 2381 M.
1177 2353 1323 2382 Caelium
1344 2356 1446 2388 Halm,
1471 2355 1508 2388 Q.
1519 2354 1713 2389 Caepionem
1735 2357 1803 2383 Ma-

154 2405 279 2439 nutius,
295 2404 504 2434 M.Catonen1
522 2406 835 2440 Kiesslz'ny-Schoell.
920 2410 961 2434 14.
982 2406 1043 2435 hac
1064 2408 1102 2435 de
1123 2409 1157 2436 P.
1241 2411 1282 2436 15.
1303 2410 1359 2436 lac.
1373 2412 1444 2436 stat.
1458 2410 1559 2436 Halm.
1615 2408 1803 2436 defenderet

154 2460 190 2487 ut
207 2458 345 2488 insidia
363 2459 426 2488 sibl
446 2459 551 2488 saetas
572 2467 643 2488 esse
665 2459 797 2494 diceret,
818 2463 850 2488 et
869 2462 975 2496 suppl.
995 2462 1098 2495 Halm,
1123 2462 1312 2490 defenderet
1342 2462 1398 2490 sed
1423 2464 1526 2495 Clark,
1550 2462 1634 2496 quod
1663 2462 1742 2490 Milo
1769 2470 1802 2490 se

155 2511 345 2540 defenderet
356 2511 503 2541 Clodium
516 2513 646 2541 Rinkes.
684 2513 836 2541 Aricinos
849 2514 1021 2549 p,.vieinos
1037 2517 1067 2543 (J.
1124 2518 1165 2543 16.
1180 2523 1237 2543 sex
1254 2517 1335 2549 Vera,
1351 2524 1390 2543 ex
1402 2517 1468 2549 SP,
1484 2518 1516 2543 et
1530 2517 1572 2543 M.
1629 2518 1671 2543 17.
1683 2519 1804 2550 quanta

156 2566 200 2593 M.
274 2567 316 2593 18.
333 2564 480 2595 Bovillas
497 2575 529 2602 p,
547 2566 688 2594 vobillas
702 2567 767 2599 SP,
786 2566 927 2595 babillas
945 2569 982 2595 M
995 2567 1055 2602 (ita
1069 2569 1165 2603 mox).
1242 2572 1282 2596 19.
1297 2569 1329 2596 in
1350 2569 1531 2602 Manutius,
1549 2577 1606 2596 om.
1625 2570 1655 2597 C.
1692 2569 1745 2596 ubi
1762 2570 1804 2596 3¹¹.

157 2618 320 2647 tribunum
340 2619 371 2647 S.
443 2622 540 2648 21-22.
561 2622 741 2648 extractum
757 2641 871 2648 .......
890 2622 942 2656 (10
956 2622 1015 2649 litt.
1029 2622 1111 2655 PM)
1128 2624 1157 2650 S.
1212 2623 1302 2650 iussu
1315 2622 1448 2650 Milonis
1462 2624 1565 2658 suppl.
1585 2624 1687 2656 Clark,
1705 2631 1745 2650 ex
1761 2626 1805 2650 ta-

157 2672 258 2714 berna.
276 2675 310 2701 et
329 2673 421 2706 Nohl,
443 2672 477 2701 lu
497 2673 661 2708 publicum
687 2675 731 2701 vel
752 2682 768 2702 e
792 2674 926 2703 taberna
947 2676 1069 2703 Baiter.
1144 2679 1186 2704 22.
1206 2676 1276 2704 eius
1301 2678 1332 2710 C,
1357 2677 1415 2704 del.
1440 2678 1470 2705 C.
1490 2677 1525 2704 F.
1550 2678 1585 2704 G.
1606 2678 1750 2704 Mueller.

205 2780 832 2827 4Leo:P.ValeriusLeo,hospes
846 2780 941 2817 Cae·
1064 2786 1133 2821 6-7
1172 2785 1384 2820 adfuerunt
1422 2785 1557 2820 Miloni
1596 2789 1694 2821 etc.:
1736 2788 1802 2821 csr.

158 2841 256 2877 saris
293 2839 506 2876 Mediolani
547 2840 698 2877 Insubr.
734 2842 801 2877 cfr.
840 2841 941 2877 Plut.
1015 2844 1093 2879 sch.
1120 2844 1212 2879 Bob.
1239 2845 1326 2879 Mil.
1353 2856 1436 2891 ary.
1463 2847 1562 2880 eoetr.

162 2900 266 2936 Caes.
293 2901 348 2936 17.
1065 2903 1111 2938 10
1135 2913 1227 2938 nam
1265 2907 1353 2948 post
1396 2908 1595 2939 recentem
1641 2904 1803 2940 caedem

1019 2967 1092 2997 etc.
1120 2962 1246 2998 Aliter
1269 2962 1359 2997 Dio
1387 2963 1457 2998 XV
1484 2964 1541 3009 48,
1568 2964 1602 2998 ⁶2.
