2300 3528
89 1021 137 1058 10

89 1409 135 1446 15

543 218 598 255 IN
625 217 930 254 ORATIONEM
957 217 1012 253 IN
1038 216 1181 253 TOGA
1207 215 1448 253 CANDIDA
1770 213 1816 249 97

173 297 382 362 Catilina
411 319 577 374 petere
607 328 657 359 se
689 315 1003 358 consulatum.
1086 315 1137 356 L.
1171 313 1425 356 Volcacius
1456 312 1622 354 Tullus
1653 310 1819 353 consul
1855 299 1903 382 gg
1918 299 1988 382 28

173 394 426 439 eonsilium
458 393 705 449 publicum
738 392 907 435 habuit
927 404 989 434 an
1012 391 1248 434 rationem
1281 389 1516 433 Catilinae
1538 389 1717 431 habere
1739 388 1818 430 de-

172 472 323 528 beret,
354 472 395 516 si
426 474 612 528 peteret
653 470 976 513 consulatum:
1025 481 1137 512 nam
1178 469 1503 524 quaerebatur
1535 466 1818 522 repetunda-

173 562 295 595 rum.
357 548 566 592 Oatilina
598 549 657 591 ob
691 560 797 590 eam
830 559 1024 590 causam
1057 546 1239 589 destitit
1270 559 1298 588 a
1329 545 1571 601 petitione.

261 627 303 671 A
334 625 728 671 senatoribus?
781 625 874 680 qui
908 627 978 678 te,
1012 624 1361 666 auctoritate
1393 635 1490 665 sua
1522 621 1819 677 spoliatum

173 704 524 750 ornamentis
566 703 842 757 omnibus,
876 703 1130 745 vinctum
1170 713 1349 756 paene
1381 699 1669 749 Africanis
1700 711 1819 742 ora-

173 783 394 828 toribus
424 780 817 826 tradiderunt!

261 860 487 904 Diximus
517 859 656 902 modo
689 858 748 900 de
782 858 884 900 hoc.
962 869 1073 899 nam
1118 857 1350 899 iudicium
1383 866 1572 911 quoque
1605 858 1822 897 secutum

172 939 243 983 est
273 937 662 994 repetundarum,
696 947 789 990 quo
822 936 922 990 ipse
954 947 1041 990 per
1074 934 1325 977 infamiam
1370 934 1602 976 liberatus
1633 935 1705 975 est
1736 931 1820 974 Ca-

173 1016 325 1072 tilina,
346 1015 430 1059 sed
451 1015 519 1058 ita
549 1017 601 1056 ut
632 1026 742 1056 eum
776 1014 1049 1055 senatorum
1086 1024 1208 1054 urna
1240 1012 1504 1065 damnaret,
1538 1011 1754 1065 equitum
1775 1013 1823 1052 et

173 1094 477 1138 tribunorum
509 1092 794 1135 absolveret.

261 1170 341 1214 Ab
373 1168 623 1224 equestri
657 1166 888 1210 ordine?
920 1179 1082 1222 quem
1117 1165 1446 1208 trucidasti!

261 1247 495 1303 Equester
526 1246 640 1289 ordo
673 1257 758 1300 pro
799 1244 1029 1287 Cinnanis
1071 1244 1288 1298 partibus
1319 1246 1486 1285 contra
1518 1242 1699 1296 Syllam
1732 1245 1818 1284 ste-

171 1328 310 1380 terat,
332 1324 566 1379 multique
589 1323 818 1378 pecunias
850 1322 1170 1374 abstulerant;
1204 1333 1266 1363 ex
1287 1333 1381 1375 quo
1403 1320 1658 1363 saecularii
1686 1323 1823 1362 erant

171 1402 413 1459 appellati,
445 1404 590 1456 atque
623 1401 682 1443 ob
715 1400 819 1442 eius
851 1399 921 1441 rei
960 1398 1197 1441 invidiam
1241 1401 1346 1453 post
1386 1397 1633 1451 Syllanam
1673 1397 1821 1439 victo-

171 1480 295 1524 riam
326 1482 466 1523 erant
496 1478 751 1531 interfecti.

260 1557 303 1600 A
334 1555 550 1612 plebe?
581 1556 671 1598 cui
704 1554 1134 1610 spectaculum
1169 1552 1466 1595 eiusmodi
1501 1554 1596 1594 tua
1628 1552 1821 1594 crude-

172 1635 319 1680 litas
355 1633 655 1690 praebuit,
690 1636 751 1675 ut
784 1634 835 1674 te
868 1644 1037 1674 nemo
1079 1631 1211 1673 sine
1253 1631 1489 1685 gemitu
1523 1642 1590 1672 ac
1621 1641 1820 1672 recor-

171 1712 422 1756 datione
455 1711 663 1753 luctus
694 1710 978 1771 aspicere
1011 1708 1232 1763 possit!

260 1789 487 1833 Eiusdem
519 1788 649 1830 illius
680 1787 800 1829 Mari
834 1785 1103 1829 Gratidiani
1127 1786 1254 1840 quod
1277 1788 1423 1840 caput
1443 1785 1643 1840 gestarit
1663 1784 1820 1828 obicit.
1859 1794 1906 1829 90
1927 1794 1959 1830 Ο

261 1867 366 1922 Quo
398 1867 503 1910 loco
535 1866 653 1908 dicit
684 1864 940 1908 Catilinam
974 1867 1120 1919 caput
1150 1863 1209 1905 M.
1243 1863 1363 1906 Mari
1397 1866 1617 1918 gestasse.

261 1944 431 1999 Quod
465 1947 648 1999 caput
680 1944 865 1986 etiam
899 1946 1019 1984 tum
1054 1942 1301 1996 plenum
1336 1941 1576 1983 animae
1610 1943 1667 1983 et
1698 1941 1821 1995 spi-

171 2024 334 2067 ritus
382 2023 451 2065 ad
503 2021 735 2076 Syllam
789 2032 973 2075 usque
1027 2020 1097 2061 ab
1151 2019 1435 2061 laniculo
1488 2019 1557 2061 ad
1610 2019 1820 2061 aedem

123 2085 126 2087 Δ
170 2100 483 2157 Apollinis
514 2099 794 2141 manibus
826 2099 955 2153 ipse
988 2097 1114 2140 suis
1145 2097 1396 2139 detulit.

261 2177 436 2223 Omnia
466 2180 576 2220 sunt
608 2176 873 2218 manifesta.
948 2188 1007 2217 ne
1041 2178 1202 2217 tamen
1236 2175 1419 2228 erretis,
1448 2175 1572 2229 quod
1607 2174 1664 2216 iis
1705 2176 1820 2216 tem-

171 2256 368 2313 poribus
399 2255 542 2298 aedes
573 2254 808 2309 Apollinis
841 2254 890 2295 in
922 2253 1105 2295 Palatio
1141 2252 1287 2294 fuerit
1319 2252 1627 2305 nobilissima,
1661 2251 1819 2293 admo-

171 2334 318 2378 nendi
362 2333 475 2376 estis
518 2346 612 2375 non
645 2333 771 2374 hanc
803 2344 831 2373 a
863 2330 1094 2374 Cicerone
1141 2330 1417 2384 significari,
1468 2332 1627 2384 utpote
1676 2341 1820 2383 quam
1860 2339 1902 2373 91
1926 2338 1958 2372 B

262 2465 286 2491 1.
306 2469 379 2491 esse
399 2463 473 2490 SM.
529 2461 680 2490 vocacios
701 2462 734 2488 Ρ.
791 2467 871 2488 coss.
892 2461 925 2487 P.
999 2462 1024 2487 5.
1044 2467 1064 2486 a
1082 2461 1178 2491 luna,
1203 2467 1244 2486 an
1269 2461 1298 2486 ('.
1391 2461 1416 2486 9.
1436 2461 1485 2486 est
1505 2458 1818 2492 Ix'iessliny-Schoeu,

171 2524 230 2545 om.
253 2504 285 2545 C.
339 2523 401 2551 quo
415 2516 729 2550 Kiossliny-Schoell.
754 2514 837 2548 quod
853 2515 875 2541 S
885 2515 928 2545 M,
952 2522 970 2541 a
985 2521 1046 2548 quo
1062 2514 1095 2540 P.
1170 2516 1212 2540 10.
1226 2512 1282 2540 sed
1297 2512 1343 2540 ita
1358 2515 1392 2539 ut
1407 2520 1477 2540 euin
1491 2520 1523 2547 p,
1547 2511 1603 2539 sed
1618 2511 1650 2539 id
1665 2514 1773 2539 autem
1788 2513 1819 2545 S,

171 2570 258 2600 mut
275 2571 384 2598 autem
405 2570 440 2602 P,
463 2569 520 2597 sed
540 2569 587 2597 ita
606 2572 641 2596 ut
661 2569 799 2603 Poyyius
816 2569 857 2595 M.
959 2570 1001 2594 13.
1021 2569 1172 2601 equester
1192 2567 1340 2601 Poyyius,
1364 2566 1393 2593 ei
1415 2564 1452 2593 U?
1476 2567 1506 2593 C.
1601 2568 1644 2593 14.
1664 2565 1823 2600 multique

171 2623 485 2658 mentina-Schuetz,
508 2623 690 2656 multasque
716 2624 747 2650 C.
803 2621 1009 2649 contulerant
1030 2622 1058 2648 S.
1143 2623 1184 2648 17.
1205 2620 1296 2648 euius
1317 2621 1346 2647 S.
1432 2622 1474 2647 18.
1496 2623 1525 2647 te
1547 2619 1687 2653 Madviy,
1711 2627 1768 2646 om.
1793 2621 1823 2647 ζ’.

174 2680 216 2706 19.
234 2676 337 2712 possit
356 2676 496 2711 unat-iq,
519 2678 628 2710 posset
653 2677 683 2703 C.
758 2677 800 2702 20.
820 2674 902 2702 mori
924 2675 998 2701 SM.
1054 2673 1192 2707 gestarit
1207 2673 1389 2706 Manutius,
1413 2675 1559 2707 gestaret
1583 2674 1613 2701 C.
1670 2672 1770 2699 obicit
1788 2681 1819 2707 p.

172 2730 242 2760 obit
265 2731 295 2758 C.
369 2732 413 2757 21.
432 2728 473 2756 M.
492 2736 549 2756 om.
563 2730 611 2756 P'.
685 2731 728 2756 2³.
748 2727 957 2763 syllanosque
972 2726 1012 2754 ab
1027 2726 1157 2754 aniculo
1173 2727 1248 2753 SM.
1297 2725 1388 2753 edem
1404 2727 1439 2758 P,
1457 2725 1597 2753 aedilem
1613 2727 1643 2757 S,
1661 2725 1766 2753 eidem
1782 2727 1823 2753 M.

172 2787 216 2813 25.
236 2787 301 2812 tam
322 2784 396 2811 SM.
451 2781 503 2810 his
523 2783 597 2810 SM.
689 2786 731 2809 26.
752 2781 871 2809 aedilis
891 2782 920 2813 S,
945 2780 1040 2808 edilis
1061 2782 1103 2808 M.
1159 2780 1257 2808 fuerit
1277 2788 1342 2814 esto,
1365 2780 1427 2807 fuit
1451 2781 1482 2811 G.
1506 2780 1549 2807 sit
1570 2780 1751 2810 Manutius.
1775 2782 1823 2807 est

178 2837 372 2872 Wesenbery.
396 2838 462 2864 stat
481 2837 565 2864 Rau.
639 2838 681 2863 27.
701 2838 810 2870 utpote
833 2835 1068 2866 Drakenboreh,
1092 2838 1125 2861 ut
1146 2837 1221 2868 puto
1247 2836 1276 2861 Γ.

223 2963 242 2998 1
270 2962 312 2998 L.
339 2961 549 2997 Volcacius
574 2961 712 2996 Tullus
739 2960 877 2996 consul
905 2964 997 2995 ete:
1024 2970 1057 2995 a.
1085 2961 1141 2995 66.
1193 2960 1318 2995 Aliter
1345 2959 1467 2995 Sall.
1499 2959 1579 2994 Cat.
1610 2961 1663 2994 1⁸.

322 3082 353 3114 Q.
375 3081 506 3109 Asconii
524 3081 663 3109 Podiani
687 3082 797 3109 Gom-m.
1639 3068 1680 3101 13
