2300 3528
927 226 1222 264 PRAEFATIO
1823 226 1897 264 VII

252 331 464 397 Poggio
483 330 800 397 discrepans
832 332 889 379 in
927 331 1125 380 litteris
1151 329 1219 379 ad
1244 329 1596 380 Franciscum
1627 331 1694 381 de
1724 331 1899 381 Fiana

251 420 396 472 datis
438 420 575 470 haec
620 420 806 470 refert:
858 439 880 466 «
902 419 967 469 In
1007 420 1302 470 Germania
1349 420 1524 470 multa
1567 423 1897 471 monasteria

235 513 380 560 sunt
403 508 747 558 bibliothecis
773 508 1030 559 librorum
1058 509 1352 559 latinorum
1378 510 1601 560 referta:
1641 526 1780 576 quae
1812 527 1896 560 res

251 616 403 667 spem
421 599 558 648 mihi
578 599 766 649 attulit
785 597 992 665 aliquos
1018 599 1276 649 librorum
1297 598 1588 662 CiceroniS,
1618 591 1894 662 Varronis,

234 689 396 740 Livii
434 689 768 754 aliorumque
804 689 1238 739 doctissimorum
1264 692 1518 751 virorum,
1546 693 1639 755 qui
1666 693 1896 740 extincti

249 779 466 846 penitus
493 795 608 828 esse
645 779 914 840 videntur,
943 781 1000 828 in
1031 780 1207 829 lucem
1245 783 1516 841 venturos,
1559 782 1603 828 si
1642 784 1897 830 accurata

250 869 603 934 investigatio
624 867 984 919 adhiberetur.
1031 885 1158 918 nam
1179 885 1302 918 cum
1322 869 1408 918 his
1428 871 1689 936 proximis
1708 869 1896 919 diebus

250 974 319 1008 ex
374 960 688 1024 composite,
747 959 895 1008 fama
950 958 1310 1008 bibliothecae
1368 959 1567 1020 allecti,
1612 974 1723 1008 una
1772 975 1896 1009 cum

250 1047 463 1113 Poggio
500 1051 662 1113 atque
701 1034 1119 1099 Bartholomaeo
1164 1049 1606 1119 Montepulciano
1646 1049 1714 1099 ad
1753 1052 1896 1116 oppi-

203 1194 206 1198 ,
249 1137 379 1187 dum
405 1134 457 1187 S.
499 1136 644 1188 Galli
683 1137 1101 1198 devenissemUS,
1142 1137 1529 1188 bibliothecam
1555 1141 1785 1203 ingressi
1816 1138 1896 1188 Ia·

233 1228 395 1276 sonis
432 1224 846 1290 Argonauticon
885 1243 918 1275 a
955 1226 1014 1276 C.
1055 1227 1275 1277 Valerio
1314 1227 1510 1277 Flacco
1542 1228 1748 1277 editum
1787 1243 1896 1278 car-

248 1314 486 1364 minibus
509 1314 799 1363 luculentis
826 1318 988 1379 atque
1015 1315 1271 1379 gravibus
1298 1331 1331 1364 a
1357 1318 1643 1365 maiestate
1670 1319 1898 1366 metrica

248 1405 474 1454 minime
511 1403 927 1453 abhorrentibus
955 1406 1284 1454 invenimus:
1325 1405 1520 1454 deinde
1553 1404 1897 1470 Argumenta

247 1493 512 1560 quaedam
554 1493 731 1543 soluta
769 1496 1013 1543 oratione
1064 1496 1313 1544 confecta
1361 1512 1519 1561 super
1557 1496 1764 1561 aliquot
1813 1495 1896 1545 Oi-

248 1586 460 1635 ceronis
498 1583 849 1645 orationibUS,
890 1599 957 1633 ex
995 1584 1188 1650 quibus
1226 1585 1386 1634 multi
1425 1601 1709 1635 causarum
1759 1588 1895 1636 ritus

230 1674 557 1739 vmultaeque
595 1676 795 1722 veteris
832 1676 1072 1723 instituti
1110 1677 1372 1740 paritates
1418 1679 1603 1742 aperte
1642 1679 1895 1741 cognosci

248 1766 475 1831 possunt
488 1803 641 1813 ......
708 1764 901 1812 horum
921 1764 1138 1829 quidem
1166 1768 1408 1814 omnium
1435 1766 1694 1815 librorum
1722 1782 1895 1816 exem-

237 1852 663 1920 ‘pla-habemus3
705 1853 798 1902 sed
836 1853 927 1902 ubi
973 1857 1193 1904 turrim·
1219 1871 1403 1905 sacrae
1442 1855 1611 1905 Aedis
1657 1856 1708 1906 S.
1751 1857 1895 1906 Galli

247 1945 580 2007 contiguam,
610 1944 666 1990 in
692 1958 800 2007 qua
826 1943 1247 1993 innumerabiles
1280 1945 1419 2006 libri,
1448 1949 1636 2011 utpote
1672 1948 1892 2011 captivi,

246 2032 575 2093 detinentur,
604 2031 920 2095 diligentius
944 2032 1193 2094 vidimus,
1219 2034 1713 2100 bibliothecamque
1744 2035 1894 2084 illam

219 2150 229 2162 ν
249 2121 467 2188 pulvere
504 2122 668 2169 tineis
706 2120 933 2184 fuligine
972 2124 1270 2187 ceterisque
1320 2123 1477 2172 rebus
1517 2123 1585 2172 ad
1624 2124 1895 2173 oblittera-

246 2213 452 2262 tionem
472 2212 731 2262 librorum
757 2214 1155 2282 pertinentibus
1182 2214 1481 2264 obsoletam
1507 2213 1892 2279 pollutamque,

246 2301 737 2354 collacrimavimus
775 2321 870 2371 per
906 2306 1052 2354 hunc
1096 2305 1315 2354 modum
1354 2308 1609 2370 putantes
1648 2303 1894 2368 linguam

246 2391 478 2442 latinam
516 2397 815 2444 maximum
844 2399 1095 2444 ornatum
1122 2397 1526 2460 maximamque
1566 2394 1894 2459 dignitatem

247 2482 557 2548 perdidisse.
635 2485 768 2533 haec
807 2487 1047 2551 profecto
1087 2485 1432 2546 bibliotheca,
1474 2486 1518 2532 si
1557 2499 1651 2550 per
1684 2500 1739 2532 se
1778 2485 1895 2550 ipsa

248 2569 568 2636 loqueretur,
609 2590 812 2639 magna
850 2591 981 2624 voce
1019 2575 1305 2624 clamaret:
1350 2578 1377 2599 “
1408 2589 1476 2622 ne
1514 2589 1616 2635 me,
1656 2575 1760 2622 viri
1799 2573 1894 2622 lin-

232 2675 387 2725 guae
424 2661 628 2712 latinae
654 2666 1032 2726 amantissimi,
1062 2667 1224 2713 sinite
1262 2680 1356 2730 per
1394 2660 1894 2732 huiusmodignegli-

248 2752 492 2814 gentiam
530 2753 774 2803 funditus
813 2754 1003 2804 deleri:
1045 2757 1236 2820 eripite
1287 2771 1373 2803 me
1413 2754 1481 2802 ab
1519 2754 1622 2803 hoc
1661 2769 1891 2814 carcere,

234 2841 305 2889 >in
351 2843 502 2890 cuius
550 2843 788 2892 tenebris
840 2848 1055 2894 tantuin
1102 2844 1360 2893 librorum
1399 2845 1583 2896 lumen
1635 2859 1893 2909 apparere

248 2946 357 2980 non
395 2935 575 2998 potest
597 2932 641 2983 ”.
719 2937 876 2983 erant
912 2937 968 2984 in
997 2935 1327 2985 Monasterio
1366 2935 1459 2983 illo
1498 2934 1685 2983 Abbas
1713 2950 1893 2983 mona-
