2300 3528
366 501 463 536 4913

343 2196 388 2230 44
403 2194 472 2229 KS

496 247 540 282 54
1182 244 1342 282 ASCON
1348 245 1428 281 IVS

498 343 748 385 multitudo
780 354 995 384 annonae
1028 342 1225 384 caritate
1258 342 1544 384 tumultuata
1574 347 1643 384 est
1683 345 1734 384 ut
1764 355 1926 385 omnes
1956 342 2037 397 qui
2068 342 2119 384 in

498 420 682 461 theatro
714 419 957 474 spectandi
990 431 1132 461 causa
1173 419 1484 461 consederant
1514 419 1818 473 pellerentur.
1886 420 1944 461 de
1975 430 2118 474 oppus

499 498 642 549 gnata
674 496 811 537 domo
843 507 1075 549 nusquam
1107 495 1263 537 adhuc
1288 495 1402 549 legi3
1435 495 1684 550 Pompeius
1709 498 1868 537 tamen
1900 507 2009 537 cum
2040 495 2119 537 de-

500 573 715 614 fenderet
744 572 966 614 Milonem
1008 572 1134 626 apud
1175 572 1416 626 populum,
1458 572 1516 613 de
1558 571 1607 614 vi
1650 574 1902 613 accusante
1943 570 2120 626 Clodio,

499 648 674 690 obiecit
705 648 762 702 ei,
796 651 847 690 ut
878 648 1080 702 legimus
1112 649 1237 702 apud
1269 648 1490 690 Tironem
1534 648 1756 690 libertum
1799 647 2040 691 Ciceronis
2070 648 2121 690 in

499 726 620 767 libro
647 725 742 767 IIII
763 725 821 767 de
844 725 944 767 vita
966 725 1080 779 eius,
1099 737 1372 780 oppressum
1396 723 1614 782 [[Clodio]]
1638 725 1688 767 L.
1708 724 1967 767 Caecilium
1986 737 2119 780 prae-

499 804 663 843 torem.

1124 859 1324 903 PAVLO
1356 859 1503 904 POST

591 958 634 1008 (ξ
666 956 755 1009 45.)
791 956 857 998 At
897 968 1002 1010 quo
1035 955 1167 998 die?
1208 968 1332 1010 quo,
1367 959 1423 998 ut
1458 959 1586 998 ante
1634 956 1781 1010 dixi,
1822 938 1942 998 fuit
1976 955 2121 998 insa·
2175 979 2178 982 -

501 1033 728 1075 nissima
770 1033 955 1075 contio
1004 1033 1069 1074 ab
1119 1033 1298 1087 ipsius
1340 1033 1731 1075 mercennario
1778 1035 1845 1075 tr.
1884 1033 1959 1087 pl.
1998 1044 2120 1075 con-

500 1109 693 1151 citata.

588 1185 689 1227 Hoc
719 1185 967 1239 significat,
1001 1197 1055 1226 eo
1088 1185 1178 1239 die,
1211 1197 1302 1239 quo
1335 1184 1524 1226 Clodius
1560 1185 1740 1226 occisus
1771 1187 1853 1239 est,
1886 1184 2122 1227 contiona—

501 1266 600 1305 tum
634 1275 733 1304 esse
767 1262 1149 1304 mercennarium
1182 1263 1284 1304 eius
1315 1264 1371 1304 tr.
1399 1263 1459 1316 pl.
1538 1265 1646 1304 sunt
1677 1264 1835 1304 autem
1867 1261 2123 1304 contionati

502 1351 555 1380 eo
588 1339 680 1391 die„
713 1341 764 1379 ut
804 1350 863 1379 ex
905 1338 1035 1380 Actis
1074 1340 1284 1392 apparet,
1325 1337 1373 1380 C.
1406 1337 1654 1380 Sallustius
1685 1340 1732 1379 et
1773 1336 1827 1390 Q.
1860 1337 2123 1392 Pompeius,

502 1416 690 1469 utrique
713 1418 759 1457 et
785 1415 967 1457 inimici
993 1415 1180 1457 Milonis
1201 1418 1248 1457 et
1269 1415 1380 1457 satis
1401 1415 1614 1469 inquieti.
1677 1415 1758 1456 sed
1785 1414 1977 1457 videtur
2007 1414 2124 1456 mihi

502 1492 555 1545 Q.
579 1492 856 1546 Pompeium
889 1492 1180 1545 significare;
1207 1504 1323 1534 ‘nam
1357 1492 1459 1534 eius
1489 1492 1753 1534 seditiosior
1782 1492 1872 1533 fuit
1893 1491 2061 1534 contio·

593 1571 637 1621 (ἓ
669 1569 758 1620 46.)
795 1568 954 1610 Dixit
993 1567 1046 1610 C.
1080 1567 1382 1611 Causinius
1431 1567 1630 1611 Schola
1678 1568 2124 1621 Interamn-anus,

503 1645 984 1687 familiarissimus
1031 1648 1082 1687 et
1127 1646 1267 1688 idem
1315 1657 1493 1687 comes
1542 1644 1743 1699 Clodii,
1787 1645 1840 1686 P.
1874 1643 2125 1687 Clodium

503 1723 601 1764 illo
633 1723 723 1764 die
756 1723 809 1764 in
840 1723 1066 1765 Albano
1099 1735 1420 1765 mansurum
1452 1723 1643 1764 fuisse.

591 1799 681 1841 Hic
727 1799 816 1841 fuit
841 1798 1101 1854 Causinius,
1134 1799 1265 1853 apud
1301 1813 1442 1854 quem
1484 1799 1674 1842 Clodius
1715 1799 1939 1841 mansisse
1979 1798 2126 1846 Inter-

503 1888 673 1917 amnae
705 1875 860 1917 videri
892 1876 1083 1917 volebat
1118 1888 1212 1930 qua
1238 1878 1374 1918 nocte
1399 1876 1720 1930 deprehensus
1745 1878 1815 1917 est
1840 1875 1889 1917 in
1915 1874 2128 1917 Caesaris

505 1952 655 2005 domo,
689 1964 797 1994 cum
830 1952 895 1993 ibi
929 1953 978 1993 in
1012 1955 1172 2006 operto
1215 1953 1428 2007 virgines
1466 1965 1551 2007 pro
1590 1952 1761 2007 populo
1803 1951 1854 1994 R.
1896 1963 2032 1994 sacra
2061 1951 2128 2011 fa5

505 2031 680 2071 cerent.

1132 2087 1332 2131 PAVLO
1364 2088 1511 2131 POST

597 2184 640 2234 (ξ
673 2183 762 2234 47.)
795 2182 979 2236 Scitis,
1013 2183 1254 2237 iudices,
1289 2183 1459 2225 fuisse
1492 2183 1584 2237 qui
1616 2183 1670 2225 in
1703 2184 1805 2226 hac
1837 2181 2128 2236 rogatione

506 2259 806 2301 suadenda
851 2259 1066 2301 diceret
1110 2260 1334 2302 Milonis
1379 2273 1546 2302 manu
1593 2260 1823 2302 caedem
1876 2270 2001 2301 esse
2054 2258 2127 2300 fa-

595 2402 618 2426 l.
639 2399 776 2426 tumultu
796 2400 869 2426 SM.
976 2401 1001 2426 3.
1021 2407 1176 2433 nusquam
1195 2408 1226 2434 p,
1258 2407 1419 2433 nunquam
1445 2400 1474 2427 C.
1581 2402 1606 2427 5.
1626 2399 1745 2427 obiecit
1772 2399 1916 2433 Piyhius,
1948 2398 2074 2426 obstitit
2099 2398 2130 2426 C.

507 2453 536 2480 ei
557 2455 591 2479 ut
616 2453 717 2485 Clark,
741 2454 773 2479 et
793 2454 827 2479 ut
851 2453 880 2480 C.
936 2452 1070 2480 liberum
1091 2454 1133 2480 M.
1224 2455 1249 2480 6.
1270 2453 1373 2480 clodio
1398 2454 1428 2486 C,
1452 2453 1510 2480 del.
1534 2453 1634 2494 Clgzrk.
1724 2455 1748 2480 8.
1767 2459 1823 2480 om.
1844 2453 1885 2479 M.
1972 2454 1997 2479 9.
2016 2454 2050 2479 at
2069 2458 2129 2486 quo

511 2523 570 2550 Cic.
584 2524 612 2549 Ρ
629 2531 727 2558 supra
749 2523 815 2556 lin¹¹
848 2525 881 2550 at
901 2523 983 2556 quod
1008 2524 1037 2550 C.
1093 2523 1144 2550 (lie
1164 2531 1225 2557 quo
1245 2525 1279 2550 ut
1299 2526 1373 2552 ante
1394 2523 1460 2550 (lixi
1485 2488 1765 2551 Cic-‚qleartiltleodliizit
1782 2524 1818 2556 Ρ,
1850 2522 1901 2556 (lie
1921 2529 1982 2556 quo
2002 2523 2037 2569 ut
2055 2523 2130 2549 ante

507 2576 589 2603 dixit
609 2577 652 2609 M,
676 2578 750 2605 ante
771 2576 853 2603 dixit
872 2578 901 2603 S.
992 2579 1070 2603 9-10.
1090 2576 1251 2604 insanissa
1271 2578 1300 2604 S.
1392 2579 1433 2604 17.
1453 2576 1621 2604 Causinius
1644 2577 1714 2610 Cic„
1737 2575 1902 2603 Cassinius
1926 2576 1956 2603 0.
2014 2574 2131 2603 Schola

511 2630 580 2662 Cic„
599 2649 606 2656 .
617 2650 623 2656 .
634 2650 641 2656 .
652 2650 658 2656 .
670 2650 676 2656 .
688 2650 694 2657 .
706 2631 781 2663 ΒΜ,
804 2637 860 2657 om.
875 2631 908 2657 P.
964 2630 1209 2657 Interamnanus
1229 2630 1298 2663 cic„
1321 2630 1406 2657 inter
1420 2637 1574 2658 amnanos
1587 2631 1618 2663 S,
1640 2629 1830 2657 interamnis
1843 2630 1878 2662 P,
1901 2629 1986 2657 inter
1999 2628 2075 2656 finos
2088 2629 2131 2655 M.

508 2685 549 2710 18.
570 2683 843 2710 familiarissimus
863 2686 894 2710 et
913 2683 998 2710 idem
1019 2691 1125 2710 comes
1150 2684 1218 2717 Cic.¹
1242 2683 1515 2711 familiarissimus
1535 2683 1596 2710 me'
1613 2685 1645 2710 et
1664 2682 1748 2710 idem
1770 2690 1876 2710 comes
1890 2683 1925 2715 P,
1948 2672 2132 2709 familiaris·-

508 2735 607 2762 simus
628 2755 722 2762 ......
743 2736 794 2769 (12
811 2729 869 2762 zm.
889 2736 938 2769 M)
960 2742 1066 2763 eomes
1087 2737 1160 2762 SM.
1233 2738 1274 2762 19.
1294 2735 1326 2762 111
1347 2743 1403 2763 om.
1423 2737 1456 2763 P.
1510 2735 1635 2762 Albano
1660 2735 1729 2768 Cic„
1754 2735 1828 2762 alba
1852 2735 1881 2762 C.
1936 2733 2034 2762 fuisse
2058 2734 2128 2766 Cic..

509 2788 569 2815 fuit
593 2790 623 2815 (ἶ.
734 2791 776 2815 20.
796 2788 857 2815 fuis
876 2797 932 2816 om.
953 2790 986 2815 P.
1042 2789 1200 2816 cassinius
1220 2790 1298 2816 PM.
1353 2789 1435 2822 apud
1452 2797 1484 2823 p,
1605 2789 1635 2821 S,
1829 2789 1906 2814 PM.
2014 2790 2056 2815 22.
2076 2794 2132 2821 per

508 2844 686 2873 praetorem
708 2842 738 2872 S,
761 2849 817 2875 per
835 2840 872 2875 pf*
891 2842 934 2868 M.
1006 2844 1048 2868 24.
1067 2849 1123 2868 om.
1145 2842 1186 2868 M.

556 2961 578 2994 3
605 2971 693 2995 cum
721 2960 947 2995 defenderet
974 2963 1065 2995 etc.:
1092 2971 1129 2996 a.
1153 2961 1207 2995 56.
1328 2961 1349 2994 6
1376 2961 1414 2994 111
1433 2960 1530 2994 libro
1548 2959 1626 2994 1111
1645 2962 1737 2994 etc:
1764 2959 1890 2993 Plut.
1911 2958 1983 2994 Cic.
2001 2959 2057 3003 41,
2075 2958 2131 2994 49.

2160 1039 2206 1075 10

2162 1421 2208 1456 15

2164 2188 2212 2223 25
