2300 3528
107 1069 155 1106 10

107 1459 153 1495 15

565 269 620 306 IN
647 269 951 308 ORATIONEM
979 271 1033 307 IN
1059 270 1201 319 TOGA
1228 270 1467 308 CANDIDA
1768 271 1834 307 101

194 362 591 420 impudenter
629 368 683 407 te
724 367 954 417 facere,
987 367 1085 421 qui
1126 367 1181 409 id
1216 380 1245 409 a
1277 380 1362 410 me
1395 369 1648 422 peteres
1679 367 1835 421 quod

187 451 223 486 ,a
263 442 323 484 te
365 441 636 484 Boculus
681 456 1008 498 numquam
1054 445 1497 499 impetrasset?

281 518 506 563 Diximus
536 520 632 563 iam
667 533 813 577 supra
843 522 1004 576 Syllae
1038 523 1176 576 ludis,
1203 535 1320 578 quos
1351 523 1431 565 hic
1462 526 1657 578 propter
1687 524 1835 566 victo-

192 595 316 639 riam
350 596 533 652 fecerit,
567 599 827 654 quadrigas
859 599 908 642 C.
941 600 1201 642 Antonium
1235 603 1283 642 et
1313 601 1431 642 alios
1477 601 1705 655 quosdam
1756 613 1835 643 no-

191 673 313 717 biles
343 673 560 718 homines
591 676 809 730 agitasse.
893 681 1144 732 praeterea
1185 678 1420 720 Antonius
1451 678 1723 732 redemptas
1755 678 1835 720 ha-

190 745 336 794 bebat
365 752 426 795 ab
459 754 647 796 aerario
679 755 942 809 vectigales
974 755 1244 810 quadrigas,
1279 767 1423 810 quam
1456 756 1835 810 redemptionem

189 819 398 872 senatori
429 829 609 873 habere
651 832 765 874 licet
795 844 882 886 per
914 832 1083 886 legem.
1168 833 1258 874 fuit
1289 835 1450 875 autem
1483 833 1754 875 notissimus
1787 833 1832 874 in

190 903 330 949 Circo
361 903 708 963 quadrigarum
741 909 947 963 agitator
977 909 1195 952 Boculus.

279 982 411 1028 Dicit
440 984 500 1028 de
533 986 672 1028 malis
703 986 914 1029 civibus:

281 1059 396 1115 Qui
428 1065 642 1118 postea
673 1076 850 1119 quam
884 1065 997 1107 illo
1031 1078 1140 1120 quo
1173 1065 1376 1109 conati
1410 1069 1596 1108 erant
1627 1066 1835 1121 Hispa-

190 1138 393 1182 niensi
444 1142 827 1196 pugiunculo
879 1155 1105 1186 nervos
1158 1144 1439 1187 incidere
1493 1144 1728 1187 civium
1778 1144 1834 1187 R.

189 1228 310 1260 non
355 1221 711 1274 potuerunt,
745 1220 897 1263 duas
945 1234 1061 1263 uno
1109 1224 1386 1276 tempore
1434 1225 1742 1265 conantur
1772 1222 1836 1264 in

190 1305 306 1337 rem
337 1307 388 1351 p.
420 1296 560 1340 sicas
592 1284 972 1353 destringere.

279 1371 712 1428 Hispaniensem
761 1377 1175 1430 pugiunculum
1222 1375 1304 1419 Cn.
1348 1376 1567 1419 Pisonem
1611 1378 1834 1432 appellat,

189 1462 334 1505 quem
367 1451 417 1494 in
449 1451 682 1507 Hispania
713 1454 922 1496 occisum
956 1466 1057 1496 esse
1090 1454 1205 1496 dixi.
1294 1455 1445 1497 duas
1477 1454 1640 1497 sicas
1672 1453 1834 1497 Catili-

189 1539 302 1572 nam
334 1531 383 1572 et
412 1529 673 1572 Antonium
706 1531 941 1585 appellari
974 1531 1280 1573 manifestum
1314 1535 1396 1574 est.

187 1655 191 1659 ,
279 1605 438 1650 Hunc
470 1619 568 1650 vos
599 1607 803 1651 scitote
845 1607 1127 1651 Licinium
1170 1608 1549 1663 gladiatorem
1594 1610 1702 1652 iam
1736 1610 1834 1652 im-

189 1682 405 1726 misisse
451 1684 721 1740 capillum
770 1683 1053 1728 Catilinae
1095 1686 1122 1735 †
1164 1686 1337 1728 iudic.
1387 1691 1493 1740 qua
1540 1685 1680 1739 Q.ve
1729 1685 1833 1729 Cu-

188 1759 332 1804 rium
364 1761 642 1805 hominem
675 1763 1079 1816 quaestorium.

278 1837 451 1882 Curius
482 1839 562 1882 hic
594 1829 866 1883 notissimus
907 1841 998 1882 fuit
1044 1840 1239 1895 aleator,
1274 1842 1622 1896 damnatusque
1671 1845 1836 1897 postea

188 1918 271 1959 est.
334 1917 385 1959 in
416 1917 545 1960 hunc
577 1920 648 1960 est
679 1917 1111 1972 hendecasyllabus
1143 1918 1281 1961 Calvi
1315 1920 1534 1974 elegans:

485 1995 554 2037 Et
598 1996 764 2037 talos
811 1994 1042 2038 Curius
1087 1997 1522 2051 pereruditus.

275 2071 401 2115 Huic
433 2072 635 2115 orationi
668 2071 912 2116 Ciceronis
945 2076 992 2115 et
1023 2072 1231 2116 Catilina
1257 2077 1304 2116 et
1330 2074 1564 2116 Antonius
1591 2077 1832 2117 contume-

185 2147 303 2192 liose
325 2149 686 2204 responderunt,
708 2150 834 2204 quod
854 2150 1006 2192 solum
1028 2154 1261 2205 poterant,
1284 2151 1465 2194 invecti
1493 2152 1543 2193 in
1569 2152 1834 2195 novitatem

277 2256 302 2282 2.
330 2261 350 2282 a
378 2255 409 2282 te
439 2253 580 2282 Boculus
610 2256 644 2282 A.
674 2255 888 2289 Auyuscinus‚
918 2255 1098 2283 avunculus
1129 2257 1159 2283 C.
1256 2256 1464 2290 impetrasset
1492 2257 1630 2291 Poqyius
1659 2258 1704 2291 M,
1736 2257 1835 2292 impe-

187 2309 308 2336 tranen
327 2308 394 2336 SP.
483 2311 508 2336 3.
535 2308 620 2336 ludis
650 2309 820 2342 Ber-aldus,
850 2308 943 2337 ludos
967 2310 997 2337 C.
1089 2311 1114 2337 ¹7.
1142 2310 1174 2337 in
1192 2318 1225 2345 p,
1256 2310 1288 2337 id
1309 2311 1383 2344 SM,
1413 2307 1546 2345 (ide'i'rco
1573 2307 1763 2339 notisiiimus
1788 2312 1836 2346 P).

186 2363 230 2389 10.
248 2361 306 2390 illo
325 2369 388 2396 quo
407 2363 592 2396 Mommsen,
615 2362 673 2390 illo
694 2363 724 2396 S,
748 2363 830 2390 illow
850 2364 885 2396 P,
909 2371 966 2391 om.
987 2364 1029 2391 M.
1113 2366 1197 2391 10-11
1220 2363 1272 2392 hie
1293 2364 1441 2399 paniensi
1462 2366 1491 2392 S.
1574 2369 1616 2393 11.
1637 2366 1834 2400 pugiunculo

186 2415 324 2450 Poqae'us
338 2417 380 2450 M,
401 2416 602 2451 pugiuncula
621 2417 686 2444 SP.
768 2419 864 2444 12-13.
884 2417 918 2444 in
938 2425 1005 2445 rein
1026 2425 1054 2451 p.
1075 2417 1161 2445 sicas
1181 2417 1384 2453 destringere
1405 2419 1579 2453 Patricius,
1604 2427 1668 2454 rep.
1690 2421 1726 2454 (r.
1746 2428 1775 2455 p.
1795 2420 1833 2455 P)

185 2487 272 2516 sica-s
291 2486 486 2522 distringere
511 2489 542 2516 C.
615 2490 658 2516 15.
677 2488 744 2516 dixi
760 2489 942 2522 Manutius,
966 2488 1047 2516 dicit
1064 2490 1095 2516 C.
1170 2491 1211 2516 17.
1231 2489 1402 2517 licinnium
1424 2491 1499 2518 SM.
1573 2494 1615 2519 18.
1637 2463 1784 2530 icapiuum
1805 2493 1834 2520 S.

184 2541 283 2570 indic.
301 2540 361 2576 quii
382 2541 420 2575 Q.
438 2549 478 2570 ve
502 2543 534 2576 C,
563 2542 752 2570 submisisse
779 2550 848 2577 cap.
868 2541 936 2570 Cat.
956 2541 1087 2576 iudicio,
1106 2542 1249 2577 itemque
1269 2543 1349 2578 Cur„
1369 2543 1453 2572 hom.
1472 2547 1700 2579 quaestuosum
1727 2546 1831 2579 Clark,

184 2594 360 2623 immisisse
379 2594 442 2629 lap.
462 2594 530 2623 cat.
548 2595 679 2630 iudicio,
705 2595 796 2629 quasi
826 2595 964 2623 alterum
986 2596 1022 2628 Q„
1042 2595 1171 2623 Curium
1203 2596 1517 2631 Kiessliny-Schoell,
1547 2603 1722 2634 praeeunte
1752 2601 1835 2626 Bue-

185 2649 316 2682 εΙιεῑονο,
340 2648 373 2676 in
393 2655 428 2677 se
447 2648 616 2678 inmissum
637 2657 708 2678 esse
729 2652 761 2677 et
781 2649 931 2683 cupidum
951 2649 1019 2677 Cat.
1034 2650 1173 2678 iudicem
1189 2649 1226 2683 Q.
1240 2649 1370 2678 Curium
1390 2652 1474 2679 Rau.
1549 2655 1645 2680 18-19.
1666 2653 1784 2680 turium
1804 2654 1835 2681 S.

185 2704 229 2730 21.
247 2701 518 2738 endecasyllabus
534 2711 567 2738 p,
591 2703 823 2738 endesyiiabus
842 2704 872 2731 C.
946 2706 988 2730 22.
1010 2703 1092 2731 talos
1108 2704 1142 2731 L.
1157 2705 1302 2737 Mueller,
1328 2705 1412 2733 talus
1425 2706 1461 2739 P,
1485 2706 1575 2734 caius
1590 2707 1664 2733 SM.
1720 2706 1835 2734 Curius

185 2755 231 2783 sd.
257 2757 340 2790 Van„
363 2755 470 2784 curios
494 2756 524 2784 C.
578 2757 781 2791 pereruditus
801 2757 847 2785 ed.
868 2757 950 2790 νειμ,
973 2756 1210 2798 perstudiosius
1226 2759 1255 2791 S,
1274 2766 1330 2793 per
1344 2759 1475 2788 erudius
1488 2760 1567 2787 PM.
1642 2763 1684 2787 24.
1706 2767 1834 2795 respon-

185 2809 301 2838 derunt
320 2809 503 2843 Manutius,
527 2810 762 2845 responderant
787 2812 817 2838 C.
873 2812 999 2845 poterat
1019 2812 1111 2839 P2M.

233 2894 280 2930 20
305 2893 446 2931 Curius
471 2894 534 2929 hic
562 2898 657 2930 etc.:
684 2894 774 2931 Sall.
805 2895 886 2931 Cat.
914 2895 971 2940 23,
1045 2896 1083 2931 II
1109 2896 1151 2942 23
1179 2897 1346 2939 Quint.
1374 2897 1430 2932 IX
1452 2898 1485 2942 3,
1508 2899 1571 2942 94;
1596 2899 1711 2933 schol.
1741 2898 1832 2933 Rob.

187 2955 228 2999 13
255 2954 357 3000 App.
382 2954 414 2989 b.
441 2964 470 2989 c.
498 2953 536 2989 II
562 2955 594 2990 3.
1046 2956 1144 3002 Syll.
1173 2957 1228 2993 22.

233 3013 280 3049 23
305 3011 409 3048 Huic
430 3012 598 3048 orationi
620 3017 713 3050 ete:
739 3013 863 3060 App.
890 3012 922 3050 b.
940 3025 972 3051 c.

1874 1461 1972 1496 9513

1872 1850 1919 1887 84
1933 1851 2004 1887 KS

1872 2159 1967 2195 940
