2300 3528
108 1035 157 1073 10

105 1425 153 1463 15

787 234 843 271 IN
869 233 1247 270 CORNELIANAM
1792 234 1839 269 69

195 342 291 386 quo
321 330 535 386 loquitur
565 332 831 375 accusavi-t:
866 332 999 386 isque
1025 331 1244 374 Metellus
1270 332 1479 374 moriens
1499 331 1637 387 petiit
1657 332 1718 374 ab
1751 332 1842 375 hoc

195 407 293 453 filio
324 420 409 453 suo
438 408 630 452 Metello
665 412 716 452 ut
747 409 1004 452 Curionem
1042 411 1368 453 accusatorem
1407 422 1545 452 suum
1578 413 1839 464 accusaret,

195 487 244 529 et
273 485 323 529 id
349 486 589 530 facturum
612 499 714 530 esse
737 487 842 530 iure
865 487 1068 530 iurando
1091 487 1264 542 adegit.
1328 487 1547 530 Metellus
1569 487 1682 530 fecit
1703 499 1840 530 reum

194 562 485 619 Curionem,
518 577 726 620 cumque
759 566 953 608 interim
997 566 1237 620 quendam
1271 566 1430 609 civem
1463 566 1591 608 idem
1622 566 1842 609 Metellus
1882 622 1884 624 ῃ

193 648 389 687 servum
431 655 570 686 suum
603 655 706 687 esse
738 644 1034 687 contendens
1077 644 1127 687 vi
1162 644 1443 699 arripuisset
1468 656 1525 687 ac
1557 645 1842 688 verberibus

193 720 442 776 affecisset,
475 720 619 764 Curio
651 724 935 765 assertorem
963 722 1008 765 ei
1040 722 1351 777 comparavit.
1415 723 1527 765 dein
1554 735 1663 765 cum
1697 736 1839 778 appa-

192 800 324 843 reret
353 806 464 843 eu'm
496 800 681 843 exitum
719 800 886 843 iudicii
921 800 1050 843 illius
1088 800 1316 855 futurum,
1351 803 1403 843 ut
1434 801 1558 844 liber
1589 801 1628 844 is
1659 801 1838 844 iudica-

192 879 328 921 retur
357 889 501 933 quem
545 877 766 921 Metellus
806 878 1092 922 verberibus
1124 879 1348 922 affectum
1390 891 1491 922 esse
1529 892 1707 934 negare
1745 893 1839 922 non

190 957 390 1011 poterat,
552 956 680 999 inter
710 956 955 999 Metellum
989 959 1037 999 et
1069 955 1327 1000 Curionem
1360 957 1486 1000 facta
1511 957 1668 1013 pactio
1694 959 1764 1001 esc
1789 960 1841 1000 ut

190 1044 348 1089 neque
373 1033 628 1076 'arbitrium
656 1034 715 1076 de
747 1034 971 1077 libertate
999 1038 1329 1090 perageretur,
1357 1035 1539 1078 rediret
1564 1038 1725 1078 tamen
1757 1036 1839 1078 ille

189 1110 243 1154 in'
271 1109 544 1155 libertatem
577 1111 637 1154 de
670 1124 764 1166 quo
796 1111 1046 1167 emebatur,
1081 1124 1238 1166 neque
1271 1112 1490 1155 Metellus
1521 1115 1757 1168 perstaret
1788 1113 1837 1156 in

189 1188 494 1232 accusatione
537 1188 776 1232 Curionis:
810 1202 963 1245 eaque
996 1190 1154 1245 pactio
1187 1191 1247 1232 ab
1291 1192 1492 1246 utroque
1523 1193 1716 1234 servata
1753 1194 1836 1234 est.

188 1266 293 1310 huc·
316 1277 431 1322 ergo
462 1267 582 1311 illud
625 1268 846 1323 pertinet,
882 1267 1009 1322 quod
1041 1268 1109 1311 bis
1141 1281 1252 1311 eum
1296 1269 1477 1312 iurasse
1519 1269 1655 1324 dixit,
1689 1270 1838 1312 semel

187 1344 418 1400 privatim
445 1345 579 1399 apud
600 1347 812 1400 patrem,
839 1346 1016 1389 iterum
1044 1347 1164 1401 lege,
1193 1349 1294 1389 tum
1321 1347 1507 1390 scilicet
1532 1360 1642 1390 cum
1665 1348 1715 1390 in
1748 1347 1836 1391 Cu-

188 1422 374 1466 rionem
412 1423 709 1466 calumniam
742 1423 935 1467 iuravit.
1000 1436 1111 1467 cum
1142 1425 1234 1467 hoc
1266 1427 1427 1468 autem
1452 1425 1643 1468 Metello
1675 1429 1838 1481 postea

187 1498 356 1545 Oicero
387 1501 655 1545 simultates
690 1502 855 1557 gessit;
899 1503 1054 1545 evasit
1095 1503 1223 1546 enim
1256 1503 1476 1547 Metellus
1509 1505 1663 1547 malus
1694 1507 1837 1559 atque

186 1579 434 1635 improbus
465 1579 599 1623 civis.
1456 1621 1468 1635 ,

275 1655 500 1712 Legem,
547 1658 750 1713 inquit,
798 1658 857 1701 de
905 1659 1310 1702 libertinorum
1357 1659 1661 1714 suffragiis
1709 1659 1836 1703 Cor-

185 1734 372 1778 nelius
416 1734 471 1778 C.
523 1734 760 1778 Manilio
813 1737 994 1780 dedit.
1083 1737 1218 1792 quid
1267 1740 1349 1780 est
1410 1737 1512 1780 hoc
1575 1738 1586 1760 ‘
1609 1738 1837 1781 dedit'?

185 1811 383 1855 attulit
399 1811 421 1854 ἱ)
463 1825 532 1855 an
573 1813 838 1868 rogavit?
880 1827 947 1856 an
990 1814 1253 1857 hortatus
1290 1815 1416 1858 est?
1458 1815 1722 1858 attulisse
1764 1816 1834 1858 ri-

186 1889 436 1932 diculum
469 1893 571 1944 est,
620 1891 777 1945 quasi
810 1891 991 1946 legem
1039 1892 1290 1947 aliquam
1339 1893 1435 1935 aut
1480 1893 1546 1935 ad
1571 1893 1834 1936 ‘scriben-

199 2076 201 2078 .
274 2052 300 2078 1.
319 2049 491 2078 accusabis
510 2051 540 2078 S.
594 2050 677 2085 petit
695 2051 738 2078 M.
821 2054 845 2078 2.
867 2059 1021 2080 accusare
1043 2054 1072 2079 S.
1155 2054 1179 2079 ³.
1200 2054 1231 2080 et
1251 2060 1285 2081 se
1307 2054 1336 2086 S,
1361 2060 1432 2081 esse
1453 2055 1486 2081 et
1507 2055 1550 2081 M.
1606 2061 1640 2082 se
1660 2054 1773 2090 adegit
1792 2055 1836 2082 M.

183 2103 211 2132 5.
229 2102 263 2131 vl
281 2103 318 2137 P,
340 2102 393 2132 cui
412 2104 487 2131 SM.
561 2106 586 2132 9.
606 2104 692 2132 inter
708 2105 744 2138 P,
768 2124 846 2132 .....
866 2104 952 2132 inter
972 2106 1016 2138 ΑΙ,
1040 2125 1316 2134 ................
1337 2108 1366 2134 S.
1387 2108 1498 2141 Stangl
1511 2108 1634 2143 sapph-
1654 2115 1711 2142 per
1730 2110 1835 2143 pater-

183 2163 243 2185 nos
262 2156 386 2187 amicos
405 2158 453 2185 vel
471 2164 530 2192 per
558 2156 744 2186 'communes
773 2157 898 2186 amicos
926 2159 973 2186 vel
1003 2158 1119 2187 amicis
1148 2159 1343 2188 auctoribus.
1398 2160 1506 2195 pactio
1526 2162 1576 2189 est
1595 2163 1631 2189 ut
1649 2162 1831 2195 Manutius,

184 2191 352 2270 concgggss
372 2230 408 2257 ut
425 2229 462 2263 P,
485 2229 659 2258 concordia
679 2230 723 2263 M,
746 2250 878 2258 ........
899 2231 929 2258 S.
1004 2233 1100 2258 10-11.
1121 2231 1290 2259 arbitrium
1302 2247 1316 2252 -
1330 2232 1369 2260 de
1389 2239 1451 2266 quo
1466 2233 1537 2260 aad.
1550 2233 1647 2268 Pm91.
1722 2234 1764 2261 10.
1783 2241 1835 2269 pe-

185 2282 356 2328 rageretur
383 2282 524 2318 Madvig),
554 2281 692 2318 perege?
703 2303 820 2312 .......
841 2283 911 2318 (lae.
936 2286 954 2312 9
975 2285 1034 2312 liet.
1055 2285 1100 2319 M)
1124 2286 1152 2312 S.
1218 2284 1339 2313 rediret
1364 2286 1680 2321 Kiessliny—Schoell‚
1713 2287 1770 2316 sed
1804 2289 1834 2316 C.

184 2336 228 2363 1⁰.
244 2334 398 2365 libertate
416 2336 461 2364 M.
516 2336 675 2372 agebatur
694 2337 1008 2372 Kiesslinq-Schoell,
1238 2340 1268 2373 S,
1441 2341 1485 2373 M,
1504 2347 1562 2368 om.
1575 2341 1610 2369 P.
1684 2344 1780 2369 11-12.
1799 2341 1833 2369 in

183 2388 391 2419 mus-tione
409 2390 446 2424 P,
468 2389 503 2418 in
522 2389 636 2425 acffiac
658 2391 708 2425 M)
719 2410 869 2419 .........
888 2392 964 2420 SM.
1047 2396 1089 2420 12.
1109 2395 1241 2421 servata
1265 2394 1295 2421 C.
1315 2394 1351 2421 F.
1375 2394 1410 2421 G.
1430 2395 1577 2428 Mueller,
1600 2395 1730 2423 firmata
1749 2397 1830 2429 PM,

183 2461 298 2471 .......
317 2443 348 2471 S.
421 2445 464 2470 13.
482 2442 544 2471 hoc
568 2444 598 2472 C.
654 2444 739 2478 quod
758 2444 808 2472 bis
828 2452 900 2472 eum
921 2445 1235 2480 Kiessliny-Schoell,
1259 2454 1331 2474 eum
1349 2447 1384 2481 P,
1408 2449 1612 2476 .......SM.
1688 2451 1729 2476 14.
1749 2448 1835 2484 apud

182 2497 309 2532 patrem
327 2496 640 2532 montiay-Schuetz,
679 2500 711 2526 et
730 2499 765 2532 P,
788 2500 955 2526 .......S
968 2500 1008 2526 M.
1064 2499 1139 2535 lege
1160 2501 1227 2528 tum
1248 2501 1411 2535 δῖῃοηίιιε,
1435 2502 1581 2536 legatum
1607 2504 1636 2530 C.
1725 2505 1769 2530 15.
1787 2502 1833 2531 iu-

182 2549 270 2578 ravit
282 2550 318 2584 P,
341 2549 467 2591 twsst’i?
486 2551 615 2579 curavit
628 2552 658 2585 S,
683 2551 833 2580 durarum
848 2553 891 2580 M.
965 2556 1007 2581 19.
1027 2552 1058 2581 C.
1076 2553 1211 2582 Manilio
1225 2555 1408 2589 Manutius,
1433 2554 1473 2583 οῦ
1486 2554 1600 2584 Mallio
1620 2557 1651 2585 C.
1724 2559 1767 2585 20.
1788 2560 1835 2585 at-

183 2603 259 2633 tulit
278 2603 418 2644 Madviy,
441 2611 483 2632 an
504 2604 579 2633 tulit
603 2606 632 2634 C.
688 2605 838 2634 attulisse
857 2607 997 2642 Madm'y,
1022 2615 1062 2635 an
1085 2607 1197 2636 tulisse
1222 2610 1253 2637 C.

229 2747 252 2783 6
265 2746 401 2784 Curio:
418 2746 460 2784 C.
475 2747 703 2785 Scribonius
717 2748 846 2795 Curio,
862 2761 968 2786 cons.
1042 2751 1101 2787 ΙΙΙ
1119 2753 1176 2798 12,
1195 2753 1285 2799 1-2;
1311 2753 1364 2789 ad
1381 2753 1481 2799 fam.
1508 2754 1542 2790 V
1559 2755 1592 2801 2,
1620 2756 1710 2801 6-83
1736 2755 1769 2800 4,
1789 2757 1831 2800 23

182 2816 217 2842 a.
244 2806 301 2843 76.
1036 2823 1114 2857 pro
1139 2812 1234 2849 Sest.
1259 2814 1317 2859 33,
1340 2814 1402 2859 723
1427 2815 1485 2859 40,
1506 2815 1573 2860 873
1600 2815 1724 2851 Plut.
1756 2816 1830 2852 Cic.

231 2866 448 2903 15-160um
459 2867 534 2903 hoc
545 2871 678 2904 autem
694 2869 852 2905 Metello
864 2873 968 2915 post·
1042 2871 1106 2917 233
1119 2871 1182 2918 263
1205 2873 1302 2909 Gell.
1318 2873 1450 2910 XVIII
1470 2875 1510 2921 73
1527 2874 1619 2911 Dio
1641 2875 1831 2912 XXXVII

182 2936 232 2962 ea
273 2925 410 2963 Cicero
450 2928 671 2964 simultates
709 2930 860 2975 gessit:
900 2930 967 2966 cfr.
1041 2931 1105 2977 383
1132 2932 1260 2968 42-43.

181 2984 286 3023 Asc.
304 2986 494 3034 8,11-18;
519 2987 623 3025 Cic.
645 2988 698 3025 ad
715 2988 795 3024 Att.
811 2988 829 3026 Ι
848 2989 904 3035 13,
927 2990 968 3036 ὃς

1877 806 1972 843 640

1875 1193 1972 1229 6413

1876 1435 1967 1471 528

1875 1829 1920 1865 57
1934 1829 2005 1866 KS
