2300 3528
320 440 393 476 20

320 675 342 709 2
359 675 429 710 KS

322 1313 366 1348 12
384 1314 415 1349 S

321 1896 398 1932 313

461 274 483 308 4
971 287 973 289 ·
1155 273 1402 309 ASCONIVS

460 370 607 423 ludos,
640 382 733 411 non
767 369 905 411 video
937 369 1169 423 quomodo
1191 369 1280 411 hoc
1302 369 1453 423 magis
1477 369 1683 412 Domitio
1710 373 1757 412 et
1786 370 1938 425 Appio
1970 382 2084 414 coss.

461 446 640 488 dictum
666 446 738 499 sit,
762 446 933 500 quibus
964 447 1235 488 consulibus
1265 447 1385 489 nulli
1419 447 1722 490 notabiliores
1753 447 1852 490 ludi
1881 448 2086 502 fuerunt,

462 535 603 577 quam
636 523 856 576 Pompeio
880 526 927 564 et
954 522 1132 577 Crasso,
1156 536 1247 577 quo
1274 536 1396 565 anno
1428 524 1677 578 Pompeius
1709 522 2088 579 exquisitissimis

463 599 1034 654 magnificentissimisque
1053 600 1204 642 omnis
1220 601 1409 654 generis
1431 601 1554 643 ludis
1576 601 1813 643 theatrum
1832 601 2086 644 dedicavit.

550 676 896 730 Argumentum
930 677 1154 719 orationis
1175 677 1325 719 huius
1359 677 1504 720 breve
1536 678 1790 720 admodum
1823 680 1904 720 est.
1975 690 2087 720 nam

462 765 571 794 cum
595 753 804 808 revocati
828 756 983 795 essent
1013 766 1074 795 ex
1105 754 1364 808 provinciis
1389 755 1493 797 Piso
1525 757 1572 796 et
1604 753 1832 797 Gabinius
1856 755 2089 798 sententia

463 828 716 883 Ciceronis,
749 842 891 883 quam
924 830 1112 872 dixerat
1142 831 1201 872 de
1233 831 1492 885 provinciis
1533 831 1859 874 consularibus
1888 831 2088 875 Lentulo

463 909 510 948 et
540 906 756 960 Philippo
789 919 916 960 coss,
950 919 1170 949 reversus
1202 908 1251 949 in
1283 908 1526 950 civitatem
1559 909 1664 950 Piso
1696 909 1755 951 de
1781 909 2089 952 insectatione

463 982 703 1025 Ciceronis
725 983 774 1024 in
796 987 961 1025 senatu
985 987 1267 1039 conquestus
1297 988 1367 1027 est
1389 988 1435 1027 et
1457 986 1505 1028 in
1531 998 1639 1028 eum
1663 986 1893 1041 invectus,
1916 986 2092 1028 fiducia

465 1060 671 1102 maxime
705 1059 919 1103 Caesaris
949 1061 1127 1116 generi,
1161 1062 1241 1116 qui
1275 1064 1374 1104 tum
1407 1061 1586 1105 Gallias
1617 1063 1871 1106 obtinebat.
1933 1063 2090 1106 Pisoni

464 1137 628 1180 Cicero
661 1138 902 1192 respondit
931 1138 1022 1180 hac
1054 1131 1286 1181 orationes

1105 1305 1452 1350 ENARRATIO

905 1381 1084 1424 CIRCA
1117 1382 1281 1426 VERS.
1314 1383 1354 1425 A
1385 1384 1654 1427 PRIMO...

553 1504 712 1558 Quod
746 1506 1053 1548 minimum
1081 1509 1363 1562 specimen
1389 1509 1444 1550 in
1471 1512 1521 1551 te
1548 1509 1793 1564 ingenii?
1855 1510 2091 1564 ingenii

464 1583 876 1625 autemPimmo
903 1584 1152 1638 ingenui
1179 1586 1420 1628 hominis
1453 1599 1517 1629 ac
1539 1587 1749 1629 liberi:
1776 1588 1868 1642 qui
1891 1588 2093 1630 colore

446 1660 579 1714 ,ipso
611 1661 862 1714 patriam
895 1662 1263 1717 aspernaris,
1297 1664 1567 1706 oratione
1605 1676 1803 1718 genus,
1837 1665 2094 1708 moribus

455 1750 700 1780 nomen.

552 1814 757 1856 Tametsi
790 1814 908 1857 haec
939 1816 1088 1857 oratio
1110 1817 1178 1858 sic
1199 1817 1493 1860 inscribitur:
1528 1819 1592 1860 In
1623 1818 1673 1860 L.
1706 1818 1999 1872 Pisonem,
2026 1821 2091 1861 ta-

465 1904 574 1933 men
606 1904 699 1933 non
731 1894 843 1945 puto
866 1904 949 1933 vos
970 1892 1191 1946 ignorare
1213 1894 1340 1936 hunc
1362 1894 1577 1936 Pisonem
1605 1907 1665 1936 ex
1688 1907 1745 1936 ea
1776 1895 1957 1937 familia
1977 1907 2091 1949 esse,

465 1981 586 2022 quae
608 1968 753 2022 Frugi
777 1969 1014 2023 appellata
1035 1970 1112 2011 sit:
1135 1973 1182 2011 et
1213 1971 1318 2012 ideo
1344 1971 1461 2013 dicit
1481 1972 1726 2025 aspernari
1749 1984 1858 2014 eum
1881 1971 2092 2014 moribus

464 2058 651 2088 nomen.

995 2140 1174 2184 CIRCA
1201 2142 1365 2191 VERS.
1393 2143 1566 2185 LXXX

552 2254 676 2296 Hoc
718 2266 826 2295 non
868 2255 937 2296 ad
976 2256 1466 2297 contemnendam
1503 2256 1876 2299 Placentiam
1919 2255 2092 2311 perti-

464 2333 589 2383 net,
623 2330 774 2372 unde
807 2343 865 2372 se
897 2331 942 2372 is
974 2333 1160 2372 ortum
1205 2331 1459 2385 gloriari
1492 2333 1661 2374 solet:
1695 2344 1890 2386 neque
1932 2333 2092 2375 enim

448 2407 568 2462 *hoc
596 2419 717 2448 mea
742 2410 958 2449 natura
990 2408 1126 2460 fert,
1154 2420 1265 2450 nec
1297 2409 1626 2463 municipii,
1654 2409 1997 2463 praesertim
2024 2410 2092 2452 de

464 2496 550 2525 me
582 2484 799 2538 optime
833 2484 1048 2538 meriti,
1081 2485 1349 2539 dignitas
1380 2486 1629 2540 patitur.

553 2620 578 2645 3.
597 2590 725 2652 pompei)
744 2619 776 2644 et
796 2590 899 2645 crass?
915 2619 950 2651 P,
980 2618 1118 2652 pompeii
1139 2622 1171 2646 et
1200 2619 1299 2646 crassi
1320 2620 1350 2651 S,
1380 2620 1505 2653 pompei
1526 2621 1558 2658 et
1577 2619 1676 2647 crassi
1697 2621 1739 2647 M.
1840 2622 1866 2647 4.
1885 2620 2092 2655 magnificen-

465 2671 599 2698 tissimis
618 2672 651 2698 P.
724 2673 749 2698 5.
769 2671 1074 2700 ARGVMENTVM.
1094 2671 1292 2706 Argumenta
1313 2671 1400 2700 offois
1420 2671 1491 2700 h1=1i>
1510 2674 1544 2700 P.
1616 2675 1641 2700 6.
1661 2673 1798 2707 gabinus
1818 2675 1847 2701 S.
1938 2676 1963 2701 9.
1983 2681 2093 2702 conso-

465 2727 555 2752 cutus
575 2725 604 2752 S.
696 2727 737 2751 12.
757 2724 918 2752 enarratio
938 2725 1103 2759 prioribus
1129 2725 1318 2752 continuam
1338 2726 1416 2753 PM.
1508 2728 1549 2753 13.
1568 2734 1624 2753 om.
1644 2727 1717 2753 SM.
1809 2729 1850 2754 14.
1870 2726 2032 2761 specimen
2051 2728 2088 2760 P,

464 2777 570 2811 specie
590 2777 638 2805 effi
659 2778 733 2805 SM.
790 2777 914 2812 ingenii
934 2779 1025 2805 semel
1046 2779 1074 2805 S.
1166 2780 1208 2805 15.
1228 2778 1352 2812 ingenii
1373 2780 1420 2806 Sl.
1478 2779 1578 2807 libere
1599 2781 1628 2807 S.
1684 2779 1789 2807 colore
1810 2781 1853 2813 M,
1895 2779 2037 2808 colorore
2057 2781 2089 2815 S,

465 2831 561 2858 color.
583 2830 689 2858 colore
708 2831 758 2864 Pl,
782 2831 877 2858 color.
897 2837 951 2858 ore
971 2831 1019 2857 12⁹.
1092 2833 1134 2858 22.
1151 2838 1207 2858 om.
1227 2832 1300 2858 SM.
1374 2834 1415 2859 24.
1435 2831 1486 2859 his
1507 2833 1581 2859 SM.
1891 2836 1894 2838 ’

514 2938 574 2972 7-8
588 2937 755 2972 Lentulo
771 2940 809 2972 et
819 2937 996 2982 Philippo
1012 2948 1122 2972 coss:
1135 2949 1169 2973 a.
1183 2938 1237 2973 56.
1312 2939 1417 2973 tens
1420 2939 1528 2984 eldt,
1554 2939 1597 2975 de
1617 2939 1771 2974 Asconii
1789 2940 1951 2975 Pedianz·
1971 2939 2090 2984 fonti-

514 2997 558 3034 19
579 2997 681 3034 hunc
702 2996 885 3035 Pisonem
907 3000 998 3036 etc:
1020 2997 1086 3035 cfr.
1109 2997 1237 3032 Lich-
1311 2998 1381 3033 bus
1406 3009 1451 3033 ac
1475 2998 1560 3047 fide,
1586 3009 1622 3047 p.
1650 2998 1777 3036 12-13.

2127 1074 2220 1135 10·

2130 1598 2176 1634 15

2129 1982 2226 2019 20*

2129 2420 2176 2457 25
