2300 3528
371 1380 467 1414 9413

339 1456 469 1492 83KS

515 278 582 314 100
1199 278 1446 315 ASCONIVS

600 371 755 425 Quid
789 385 893 427 ego
928 376 988 415 ut
1019 374 1366 417 violaveris
1396 376 1763 429 provinciam
1796 362 2133 431 praedicem,

511 452 731 492 cuncto
763 450 982 504 populo
1015 450 1064 492 R.
1098 452 1479 494 reclamante
1511 465 1573 495 ac
1606 453 1972 496 resistente?
2003 465 2134 496 nam

513 529 574 567 ut
613 529 667 568 te
710 527 848 568 illic
890 527 1159 581 gesseris
1201 540 1315 570 non
1356 529 1547 570 audeo
1585 530 1818 583 dicere,
1851 530 2134 584 quoniam

510 603 829 644 absolutus
861 614 940 644 es.

596 679 789 722 Dictum
822 682 891 721 est
922 680 1017 721 iam
1059 681 1246 735 saepius
1288 680 1541 724 Catilinam
1574 694 1634 724 ex
1666 685 1889 737 praetura
1921 680 2134 725 Africam

509 756 766 798 obtinuisse
798 759 845 797 et
876 759 1129 799 accusante
1172 769 1280 798 eum
1323 759 1694 812 repetundarum
1727 759 1774 800 P.
1809 758 1971 801 Clodio
2002 759 2132 815 abso-

509 833 661 875 lutum
694 845 807 874 esse.
1247 840 1250 843 ’
1551 828 1554 832 ’
2035 829 2052 844 Τ

595 910 929 952 Praetereo
971 910 1277 952 nefarium
1326 911 1500 954 illum
1548 914 1827 954 conatum
1874 915 2034 954 tuum
2075 902 2134 954 et

508 1001 699 1042 paene
747 989 1033 1030 acerbum
1075 991 1132 1030 et
1171 989 1520 1031 luctuosum
1563 989 1652 1031 rei
1693 1002 1746 1044 p.
1789 990 1965 1043 diem,
1998 1000 2131 1030 cum

507 1063 605 1107 Cn.
638 1065 855 1108 Pisone
887 1065 1071 1118 socio,
1105 1077 1175 1107 ne
1207 1078 1379 1119 quem
1418 1066 1606 1107 alium
1644 1066 1967 1119 nominem,
2000 1077 2130 1108 cae-

507 1142 634 1184 dem
667 1142 1023 1196 optimatum
1058 1142 1268 1184 facere
1300 1143 1579 1184 voluisti.

594 1217 720 1271 Quos
751 1231 848 1261 non
881 1218 1093 1261 nominet
1130 1219 1418 1273 intellegitis.
1497 1219 1586 1261 fuit
1622 1219 1750 1261 enim
1782 1219 1939 1274 opinio
1970 1217 2130 1262 Catili-

506 1305 616 1335 nam
649 1296 696 1335 et
728 1292 809 1336 Cn.
837 1293 1068 1346 Pisonem,
1095 1294 1448 1336 adulescentem
1482 1294 1734 1348 perditum,
1767 1294 2039 1337 coniurasse
2070 1293 2131 1336 ad

505 1371 700 1413 caedem
745 1373 935 1412 senatus
981 1371 1247 1412 faciendam
1296 1374 1406 1412 ante
1454 1384 1631 1413 annum
1679 1383 1822 1425 quam
1854 1372 1973 1419 haec
2004 1371 2132 1414 dicta

504 1450 625 1502 sunt,
658 1446 792 1490 Cotta
823 1451 870 1490 et
900 1447 1135 1501 Torquato
1159 1460 1287 1502 coss„
1311 1460 1511 1502 eamque
1538 1449 1733 1490 caedem
1766 1448 1872 1490 ideo
1904 1460 1998 1490 non
2030 1459 2130 1490 esse

504 1525 691 1578 factam,
725 1525 849 1579 quod
890 1524 1021 1579 prius
1062 1537 1205 1578 quam
1237 1525 1390 1578 parati
1437 1527 1592 1567 essent
1638 1525 1896 1567 coniuratis
1942 1525 2129 1579 signum

503 1602 708 1644 dedisset
729 1600 945 1644 Catilina.
1008 1601 1112 1643 Piso
1135 1604 1308 1654 autem,
1332 1613 1441 1643 cum
1463 1602 1582 1644 haec
1604 1601 1890 1655 dicerentur,
1907 1600 2128 1656 perierat,

441 1687 444 1691 ·
503 1679 552 1720 111
584 1678 858 1733 Hispaniam
883 1678 1051 1720 missus
1073 1691 1101 1719 3
1119 1680 1285 1720 senatu
1318 1690 1404 1732 per
1434 1679 1659 1720 honorem
1693 1677 1954 1732 legationis,
1987 1679 2040 1720 ut
2068 1677 2128 1720 ab

369 2221 466 2256 930

503 1756 620 1798 urbe
667 1756 984 1809 ablegaretur.
1069 1755 1134 1796 ibi
1175 1755 1286 1796 dum
1335 1755 1535 1797 iniurias
1581 1755 1956 1810 provincialibus
2001 1754 2128 1808 facit,

502 1833 683 1874 occisus
715 1835 830 1885 erat,
862 1835 913 1873 ut
944 1832 1137 1885 quidam
1171 1832 1443 1885 credebant,
1471 1844 1498 1873 a
1525 1830 1606 1874 Cn.
1633 1831 1844 1885 Pompeii
1876 1831 2130 1873 clientibus

500 1909 722 1963 Pompeio
754 1921 847 1950 non
881 1909 1044 1951 invito.

589 1986 673 2028 An
706 1986 942 2027 oblitus
974 1998 1032 2027 es
1065 1988 1119 2027 te
1153 1998 1221 2027 ex
1254 1998 1358 2038 me,
1393 1998 1523 2027 cum
1563 1987 1923 2039 praeturam
1961 1986 2126 2039 pete·

502 2073 723 2115 remus,
763 2062 991 2115 petisse
1034 2064 1095 2103 ut
1132 2061 1246 2102 tibi
1285 2061 1542 2115 primum
1585 2061 1783 2102 locum
1824 2060 2128 2102 concede-

502 2138 659 2180 rem?
722 2138 876 2191 quod
909 2150 1038 2179 cum
1071 2138 1324 2192 saepius
1356 2149 1572 2192 ageres
1605 2140 1664 2179 et
1699 2137 2127 2191 impudentius

500 2227 528 2256 a
554 2226 641 2256 me
668 2214 1096 2267 contenderes,
1125 2214 1462 2256 meministi
1490 2226 1576 2255 me
1603 2213 1718 2255 tibi
1746 2213 2126 2267 respondere

2168 1076 2214 1113 10

2167 1460 2213 1496 15

2164 1844 2210 1880 20

2162 2227 2209 2264 25

588 2392 611 2416 2.
631 2389 746 2423 populo
775 2389 810 2416 R.
839 2390 1035 2417 reclamante
1067 2391 1096 2417 C.
1120 2390 1154 2416 G.
1175 2390 1210 2416 F.
1231 2389 1374 2421 Mueller,
1407 2396 1435 2422 p.
1456 2395 1499 2415 ro.
1521 2388 1682 2416 clamante
1712 2388 1787 2421 SM,
1818 2394 1847 2421 p.
1867 2395 1890 2414 r.
1910 2387 2071 2415 clamante
2090 2387 2124 2414 P.
2193 2421 2198 2427 ⁶

500 2462 541 2486 10.
561 2431 679 2499 socii-:m
700 2461 734 2493 P,
757 2459 878 2487 socium
899 2461 973 2487 SM.
1034 2466 1073 2486 ne
1093 2467 1185 2493 quem
1206 2459 1305 2486 alium
1326 2459 1487 2486 nominem
1511 2458 1702 2492 Gronovius,
1732 2465 1835 2492 neque
1855 2457 1920 2485 alio
1940 2457 2070 2486 nemine
2094 2457 2124 2485 C.

499 2515 540 2540 12.
560 2520 622 2540 non
643 2512 787 2540 nominet
807 2513 1116 2547 Kiessliny-Schmh
1140 2512 1285 2540 nominat
1310 2514 1339 2540 C.
1425 2514 1466 2540 18.
1485 2511 1634 2546 hispania
1653 2512 1718 2539 SP.
1790 2513 1886 2539 18-19.
1906 2511 1947 2539 ab
1966 2510 2044 2538 urbe
2062 2510 2124 2538 Ro-

498 2566 658 2599 bortellus,
682 2573 762 2593 auus
781 2573 856 2593 suus
880 2566 910 2593 C.
1019 2568 1061 2592 19.
1081 2564 1125 2592 ibi
1146 2566 1230 2598 Rau,
1254 2565 1362 2598 ibique
1388 2566 1417 2593 C.
1508 2567 1550 2592 20.
1570 2572 1607 2592 ac
1627 2563 1668 2592 116
1687 2565 1760 2591 SM.
1856 2566 1951 2591 28-24.
1972 2562 2124 2591 concede-

498 2621 547 2646 ret
573 2620 646 2646 SM.

545 2759 589 2794 12
623 2760 695 2794 fuit
734 2760 836 2794 enim
876 2760 1005 2804 opinio
1046 2763 1143 2794 etc:
1183 2759 1271 2793 Dio
1346 2759 1399 2794 VI
1425 2759 1534 2803 12763
1572 2758 1690 2794 Sall.
1732 2759 1813 2795 Cat.
1840 2759 1895 2803 19,
1922 2758 1962 2802 13
1999 2757 2056 2802 21,
2082 2757 2121 2802 33

474 2817 664 2853 0XXXV1
688 2818 744 2863 44,
765 2819 847 2853 3-5.
1249 2847 1254 2850 .
1347 2817 1452 2853 Suet.
1479 2818 1553 2852 luc.
1579 2818 1619 2862 93
1644 2818 1737 2853 Dio
1763 2816 1929 2853 XXXVI
1953 2816 2010 2862 45,
2037 2817 2069 2852 1.

546 2877 589 2910 16
615 2876 720 2920 quod
746 2877 852 2920 prius
879 2887 995 2921 quam
1023 2880 1114 2912 etc:
1150 2877 1271 2913 Sall.
1392 2877 1439 2911 20
1465 2877 1616 2911 occisus
1643 2881 1746 2912 erat:
1772 2888 1806 2912 a.
1828 2877 1884 2911 64.

501 2934 581 2969 C'at.
604 2935 659 2968 18.
1391 2935 1436 2970 23
1462 2936 1628 2980 primum
1654 2936 1807 2971 locum:
1832 2934 1958 2970 Plut.
1988 2933 2059 2969 Cic.
2085 2934 2119 2969 9.

546 2992 588 3026 17
616 2991 704 3026 Piso
732 2996 863 3026 autem
892 2996 982 3027 etc:
1013 2993 1096 3028 CIL
1124 2994 1142 3028 1
1171 2994 1273 3029 598:
