2300 3528
137 1050 184 1086 10

138 1439 185 1475 15

588 248 643 285 IN
670 247 978 284 ORATIONEM
1005 247 1060 285 IN
1085 246 1229 283 TOGA
1254 246 1495 285 CANDIDA
1821 245 1865 281 91

207 339 356 403 *petiit
384 347 700 401 consulatum,
727 347 854 401 quod
881 347 985 389 eius
1016 347 1066 388 in
1098 346 1200 388 dies
1231 346 1426 388 civilem
1461 356 1680 387 crescere
1712 343 1866 398 digni-

217 418 365 468 tatem
407 424 885 477 animadvertebant;
928 428 976 466 et
1016 424 1107 466 hoc
1143 424 1244 478 ipse
1277 422 1445 466 Cicero
1478 423 1527 464 in
1561 421 1868 477 Expositione

209 495 525 545 'consiliorum
557 513 752 544 suorum
785 501 1036 556 significat.
1110 501 1192 543 sed
1225 501 1329 543 eius
1360 512 1549 554 quoque
1583 499 1868 542 coniuratio·

207 579 306 634 nis,
337 588 462 634 quae
493 577 631 621 Cotta
671 582 720 621 et
750 579 990 633 Torquato
1038 590 1154 620 coss.
1203 580 1315 620 ante
1347 589 1528 619 annum
1562 589 1707 631 quam
1751 576 1872 618 haec

217 657 496 700 dicerentur
526 656 656 699 facta
687 659 759 698 est
789 668 819 698 a
851 655 1060 698 Catilina
1093 658 1140 697 et
1171 655 1354 708 Pisone,
1383 654 1544 708 arguit
1565 654 1624 696 M.
1648 652 1871 697 Crassum

217 737 465 777 auctorem
498 733 656 776 fuisse.

306 809 492 864 Quem
533 810 692 853 enim
735 813 840 852 aut
881 810 1139 852 amicum
1177 812 1379 865 potest
1418 809 1653 851 habere
1687 809 1738 850 is
1770 808 1871 862 qui

220 891 309 932 tot
338 887 515 932 cives
545 888 924 941 trucidavit,
959 890 1064 930 aut
1101 887 1396 931 clientem
1427 886 1531 941 qui
1564 886 1624 928 in
1657 897 1761 928 sua
1792 885 1871 927 ci-

214 966 415 1010 vitate
457 978 586 1008 cum
628 966 958 1021 peregrino
1000 965 1257 1019 negavit
1298 977 1358 1006 se
1397 964 1637 1007 iudicio
1679 975 1872 1018 aequo

220 1047 468 1088 certare
500 1043 712 1099 posse?

311 1121 569 1178 Siynificat
614 1121 886 1175 Catilinam,
930 1133 1040 1164 cum
1083 1121 1133 1163 in
1174 1120 1384 1175 Syllanis
1430 1120 1648 1175 partibus
1694 1119 1872 1172 fuisset,

221 1199 486 1243 crudeliter
516 1199 698 1242 fecisse.
762 1199 1047 1241 nominatim
1072 1199 1217 1241 etiam
1240 1202 1405 1253 postea
1427 1197 1595 1241 Cicero
1618 1198 1737 1240 dicit
1757 1209 1875 1251 quos

211 1277 467 1332 occiderit,
493 1275 549 1330 Q.
573 1276 853 1330 Caecilium,
876 1277 935 1318 M.
959 1276 1285 1330 Volumnium,
1309 1276 1360 1318 L.
1384 1276 1661 1318 Tanusium.
1725 1256 1784 1316 M.
1809 1279 1873 1316 et-

222 1355 318 1398 iam
361 1355 482 1398 Mari
522 1354 808 1408 Gratidiani,
853 1366 1038 1397 summe
1078 1354 1324 1409 popularis
1365 1353 1587 1406 hominis,
1620 1353 1702 1407 qui
1735 1353 1794 1394 ob
1827 1352 1875 1394 id

221 1433 296 1476 bis
315 1435 510 1488 praetor
531 1432 634 1486 fuit,
661 1435 807 1487 caput
828 1432 1067 1474 abscisum
1090 1443 1178 1486 per
1201 1432 1369 1473 urbem
1393 1443 1480 1473 sua
1502 1443 1648 1473 manu
1670 1429 1878 1472 Catilina

222 1510 424 1554 tulerat:
457 1509 584 1565 quod
615 1509 802 1552 crimen
834 1509 1025 1564 saepius
1047 1507 1091 1551 ei
1120 1510 1218 1550 tota
1250 1509 1464 1550 oratione
1497 1507 1656 1550 obicit.
1721 1507 1877 1549 fuerat

223 1599 341 1631 vero
372 1587 453 1630 hic
474 1586 784 1630 Gratidianus
806 1590 912 1629 arta
939 1586 1292 1629 necessitudine
1325 1585 1547 1628 Ciceroni
1579 1585 1875 1627 coniunctus.

313 1664 551 1708 Clientem
583 1667 743 1707 autem
777 1665 977 1718 negavit
1007 1645 1188 1706 habere
1215 1676 1350 1718 posse
1373 1662 1422 1706 C.
1446 1663 1732 1705 Antonium:
1766 1675 1877 1704 nam

224 1743 267 1786 is
297 1743 472 1786 multos
503 1742 554 1785 in
584 1742 770 1785 Achaia
806 1742 1100 1796 spoliaverat
1137 1744 1305 1784 nactus
1337 1726 1405 1784 de*
1430 1741 1649 1783 exercitu
1682 1740 1878 1794 Syllano

225 1820 443 1876 equitum
475 1823 671 1862 turmas.
748 1820 924 1862 deinde
956 1818 1144 1873 Graeci,
1178 1820 1259 1874 qui
1293 1819 1483 1874 spoliati
1517 1822 1667 1873 erant,
1702 1819 1877 1860 eduxe-

226 1900 340 1940 runt
379 1897 642 1940 Antonium
676 1897 726 1939 in
758 1897 832 1938 ius
864 1897 925 1938 ad
958 1896 1016 1938 M.
1050 1896 1307 1938 Lucullum
1356 1899 1642 1951 praetorem,
1676 1896 1757 1951 qui
1806 1895 1880 1937 ius

226 1975 354 2018 inter
385 1975 664 2030 peregrinos
694 1974 899 2017 dicebat.
965 1974 1064 2028 egit
1095 1986 1180 2029 pro
1214 1973 1413 2016 Graecis
1448 1974 1494 2017 C.
1527 1973 1708 2016 Caesar
1734 1974 1879 2015 etiam

316 2091 342 2116 1.
360 2087 453 2123 peti¹t
471 2087 507 2120 P,
541 2086 624 2121 petit
649 2087 724 2113 SJI.
834 2088 859 2114 2.
879 2084 916 2126 ad
940 2085 1247 2113 animadvertebant
1266 2086 1302 2112 P.
1413 2087 1438 2112 3.
1457 2092 1587 2112 suorum
1617 2084 1827 2112 consiliorum
1847 2085 1881 2111 1¹.

226 2142 278 2169 net
296 2140 368 2168 eius
386 2140 509 2174 Stanol,
532 2146 629 2166 sexus
643 2139 710 2172 SP,
734 2138 804 2166 eius
823 2138 901 2172 qu
914 2138 957 2165 M.
1030 2140 1056 2164 4.
1075 2137 1170 2165 cotta
1187 2146 1220 2172 p,
1245 2139 1338 2165 cocta
1363 2139 1394 2165 G.
1468 2139 1494 2164 5.
1513 2137 1659 2171 pisonem
1680 2139 1710 2163 S.
1783 2138 1808 2163 7.
1828 2135 1882 2163 hn-

227 2193 304 2222 bere
332 2194 440 2228 potest
466 2193 546 2220 PM.
656 2194 681 2219 8.
702 2191 879 2219 trucidavit
908 2191 1057 2225 Poyyius,
1091 2190 1246 2218 trucidari
1273 2193 1302 2218 Γ.
1369 2190 1522 2218 clientem
1554 2190 1737 2222 Manutius,
1770 2198 1827 2217 om.
1851 2192 1882 2216 Γ.

228 2249 271 2275 n.
291 2246 466 2281 Significat
484 2246 672 2278 Buecheler,
695 2253 754 2273 om.
774 2246 841 2278 SP,
866 2264 998 2273 ........
1013 2245 1057 2272 Μ.
1112 2244 1254 2272 Catilina
1271 2245 1336 2271 SP.
1411 2247 1454 2271 12.
1472 2243 1606 2271 fecisset
1619 2245 1642 2271 S
1652 2245 1693 2271 M.
1768 2246 1810 2271 13.
1830 2251 1883 2270 vo-

227 2299 399 2328 luminimn
422 2300 497 2328 SM.
553 2299 731 2327 Tanusiuin
752 2298 936 2329 Manutius,
960 2297 1151 2326 'l'antasiuni
1178 2298 1209 2325 (¹.
1292 2300 1335 2324 14.
1355 2297 1529 2332 postularis
1550 2296 1625 2325 SM.
1699 2298 1741 2324 16.
1762 2296 1882 2324 abscis—

226 2378 299 2400 sum
312 2372 393 2400 ΡΜ.
484 2373 527 2399 17.
541 2371 709 2399 convictus
724 2371 753 2398 S.
847 2372 888 2398 18.
903 2370 1039 2405 negavit
1055 2370 1177 2402 Baiter,
1195 2369 1338 2404 negabat
1352 2371 1375 2396 S
1383 2370 1419 2403 P,
1436 2369 1573 2404 negabit
1589 2370 1630 2397 M.
1722 2372 1764 2397 20.
1778 2340 1882 2408 quSI’.

229 2425 361 2460 spollati
381 2426 475 2454 erant
492 2425 632 2458 Madvm,
656 2423 878 2458 spoliaverant
901 2424 942 2455 M.
966 2423 1189 2458 spoliaverunt
1210 2424 1240 2457 S,
1263 2423 1486 2463 spoliaverant
1506 2423 1539 2450 P.
1649 2425 1691 2450 22.
1711 2423 1743 2450 C.
1763 2422 1883 2450 Caesar

230 2479 412 2512 Manutius,
435 2485 492 2506 om.
517 2479 547 2506 C.

277 2576 301 2611 4
326 2574 443 2611 Cotta
468 2578 508 2611 et
531 2575 735 2620 Torquato
763 2585 883 2610 coss:
904 2584 939 2609 a.
960 2575 1018 2610 65.
1092 2575 1184 2610 Dio
1212 2573 1400 2609 XXXVII
1428 2575 1489 2619 103
1527 2573 1639 2609 Seu.
1666 2573 1712 2608 de
1737 2575 1798 2607 ira
1825 2572 1883 2607 III

278 2636 301 2671 9
327 2635 494 2681 negavit
518 2645 562 2670 se
589 2638 687 2670 etc:
721 2635 770 2676 Q.
809 2633 907 2669 Cic.
941 2636 1017 2680 pet.
1094 2636 1156 2679 183
1182 2634 1297 2669 Luc.
1320 2633 1358 2668 II
1378 2634 1564 2679 1753qq.:
1592 2632 1713 2668 Sall.
1734 2632 1882 2678 Hls‘ry.

230 2704 334 2730 oona.
353 2694 389 2739 2,
409 2696 444 2730 8.
1093 2694 1215 2738 44M;
1242 2694 1384 2729 Oros.
1410 2692 1443 2727 V
1469 2693 1526 2728 21.

281 2755 326 2789 13
352 2754 396 2797 Q.
422 2753 660 2790 Caecilium.
676 2780 683 2788 .
699 2753 765 2788 .L.
781 2753 1019 2788 Tanusium:
1143 2753 1188 2789 15
1213 2754 1273 2788 bis
1300 2756 1474 2798 praetor:
1501 2763 1535 2787 a.
1562 2752 1609 2787 84
1637 2756 1675 2787 et
1701 2752 1757 2786 82.

233 2814 277 2857 Q.
303 2813 406 2850 Cic.
429 2815 504 2859 pet.
529 2823 634 2849 etms.
658 2812 693 2857 2,
719 2813 752 2848 9.
1144 2814 1188 2847 16
1214 2813 1380 2849 tulerat:
1407 2823 1440 2847 a.
1468 2813 1525 2847 81.

283 2873 400 2908 13-14
425 2872 478 2908 Μ.
496 2873 616 2908 etiam
635 2872 733 2907 Mari
752 2875 844 2907 etc:
867 2872 909 2914 Q.
928 2871 1020 2907 Cic.
1142 2873 1258 2908 20-‘21
1287 2873 1530 2908 eduxerunt:
1557 2882 1591 2906 a.
1615 2872 1670 2907 76.

227 2935 307 2980 pei.
332 2943 435 2969 coms.
461 2934 495 2978 3,
523 2934 587 2978 103
624 2932 756 2968 Flor.
787 2932 845 2967 III
872 2931 929 2977 21,
955 2931 1022 2977 26;
1143 2933 1189 2967 22
1216 2933 1299 2978 egit
1314 2943 1383 2978 pro
1398 2931 1563 2967 Graecis
1578 2930 1618 2966 C.
1638 2930 1884 2965 Caesarne:

235 2992 338 3029 Val.
361 2993 482 3028 Max.
501 2992 558 3028 IX
575 2992 609 3037 2,
626 2991 1022 3037 13P1ut.Syll.3:2;
1097 2993 1165 3028 cfr.
1193 2992 1324 3027 Plut.
1355 2991 1458 3027 Caes.
1486 2991 1518 3025 4.

1911 814 1956 848 84
1973 814 2004 847 Ι»)

1911 891 1956 925 84
1975 892 2006 925 C

1912 1118 1958 1154 75
1977 1117 2042 1151 KS
