2300 3528
366 995 411 1028 25
428 994 494 1029 ΚΒ

397 1149 441 1183 29
457 1150 491 1183 l}

529 286 574 321 32
1213 281 1460 319 ASCONIVS

531 381 790 432 iudices,
825 382 886 420 ut
917 379 1160 421 salutem
1194 391 1221 419 a
1252 377 1429 419 vobis
1470 378 1713 431 nepotis
1744 379 1835 420 sui
1869 379 2149 433 depreca-

530 459 760 498 rentun

617 532 821 575 Castoris
843 535 889 574 et
919 532 1123 574 Pollucis
1154 531 1383 586 templum
1405 531 1634 584 Metellus,
1658 543 1798 585 quem
1831 531 2058 586 nominat,
2079 542 2150 574 re-

529 611 715 653 fecerat.

616 686 955 728 Laudaverunt
986 685 1215 727 Scaurum
1243 685 1514 726 consulares
1546 696 1731 738 novem,
1757 685 1807 727 L.
1831 685 1949 739 Piso,
1970 684 2021 728 L.
2043 684 2151 726 Vol·
2189 692 2211 727 5

527 763 700 815 cacius,
735 761 787 814 Q.
822 763 1039 804 Metellus
1069 761 1236 815 Nepos,
1265 761 1323 803 M.
1350 761 1614 815 Perpenna,
1637 761 1687 803 L.
1710 761 1970 816 Philippus,
1992 760 2053 803 M.
2075 758 2149 803 Ci-

528 851 650 892 cero,
684 838 737 890 Q.
771 839 1064 900 Hortensius,
1096 838 1144 880 P.
1178 837 1407 880 Servilius
1449 838 1688 879 Isauricus
1719 840 1866 892 pater,
1904 836 1985 880 Cn.
2017 837 2151 880 Pom-

528 915 661 970 peius
692 915 901 968 Magnus.
964 915 1133 956 horum
1157 926 1330 968 magna
1355 926 1464 968 pars
1490 926 1574 967 per
1601 914 1800 955 tabellas
1820 913 2150 967 laudaverunt,

528 992 641 1045 quia
672 992 889 1033 aberant:
924 992 1048 1033 inter
1079 1003 1195 1045 quos
1226 991 1475 1045 Pompeius
1507 1002 1713 1044 quoque;
1751 1002 1861 1032 nam
1894 990 2019 1045 quod
2049 992 2153 1033 erat

528 1080 611 1122 pro
644 1079 733 1109 cos.
758 1070 894 1109 extra
917 1068 1082 1109 urbem
1105 1067 1390 1109 morabatur.
1456 1078 1576 1108 unus
1601 1068 1852 1120 praeterea
1873 1066 2152 1109 adulescens
2189 1071 2234 1107 10

527 1145 755 1198 laudavit,
789 1145 937 1186 frater
968 1145 1081 1198 eius,
1114 1144 1314 1186 Faustus
1346 1143 1605 1197 Cornelius,
1638 1143 1799 1197 Syllae
1831 1143 1969 1185 filius.
2033 1143 2073 1186 is
2101 1131 2151 1187 in

527 1221 797 1263 laudatione
831 1222 980 1262 multa
1012 1221 1258 1263 humiliter
1290 1223 1337 1262 et
1367 1232 1475 1262 cum
1502 1220 1714 1262 lacrimis
1740 1220 1925 1262 locutus
1947 1231 2042 1272 non
2066 1220 2150 1262 mi-

527 1311 615 1340 nus
646 1298 892 1340 audientes
924 1298 1161 1352 permovit
1182 1310 1324 1352 quam
1351 1297 1556 1339 Scaurus
1586 1297 1687 1351 ipse
1713 1299 2029 1352 permoverat.
2091 1297 2152 1340 ad.

527 1387 683 1428 genua
726 1375 952 1428 iudicum,
991 1387 1099 1416 cum
1147 1374 1408 1416 sententiae
1455 1374 1708 1428 ferrentur,
1740 1373 1962 1415 bifariam
1994 1385 2044 1416 se
2084 1373 2151 1416 di-

527 1450 743 1492 viserunt
774 1450 855 1504 qui
888 1461 972 1504 pro
1005 1462 1060 1491 eo
1096 1450 1349 1503 rogabant:
1388 1450 1446 1491 ab
1491 1461 1583 1490 uno
1625 1449 1774 1491 latere
1816 1447 2022 1491 Scaurus
2053 1448 2152 1505 ipse
2189 1456 2235 1492 15

527 1530 574 1568 et
614 1527 687 1568 M.'
732 1526 938 1580 Glabrio,
981 1527 1153 1568 sororis
1190 1526 1327 1579 filius,
1368 1529 1415 1567 et
1446 1526 1495 1567 L.
1538 1526 1713 1567 Paulus
1749 1528 1796 1567 et
1833 1525 1884 1567 L.
1910 1525 2151 1579 Lentulus,
2213 1569 2215 1572 .

527 1604 715 1646 Lentuli
747 1603 881 1658 Nigri
914 1604 1119 1645 flaminis
1151 1603 1288 1656 filius,
1333 1605 1379 1644 et
1419 1603 1468 1644 L.
1503 1602 1735 1644 Aemilius
1771 1602 1902 1644 Buca
1941 1601 2067 1645 filius
2106 1603 2154 1645 et

528 1680 575 1723 C.
609 1681 871 1734 Memmius,
904 1681 1078 1722 Fausta
1110 1683 1259 1734 natus,
1292 1680 1706 1734 supplicaverunt;
1744 1691 1805 1721 ex
1836 1679 1988 1721 altera
2017 1681 2151 1734 parte

527 1757 658 1811 Sylla
689 1757 901 1810 Faustus,
935 1757 1082 1798 frater
1121 1756 1300 1810 Scauri,
1336 1759 1382 1798 et
1418 1756 1467 1798 T.
1500 1756 1684 1798 Annius
1714 1755 1839 1810 Milo,
1871 1755 1949 1798 cui
1980 1754 2153 1798 Fausta

598 1907 656 1931 1-2.
678 1903 903 1937 deprecaretur
923 1903 950 1929 P
959 1904 1001 1929 M.
1056 1905 1116 1929 3-4.
1137 1902 1294 1929 refecerat
1314 1903 1482 1935 Beraldus,
1507 1902 1626 1929 referat
1651 1903 1679 1929 C.
1734 1902 1759 1928 5.
1779 1900 1918 1929 Scaurus
1938 1901 1968 1928 S.
2039 1903 2100 1930 5-8.
2118 1899 2153 1928 L.

527 1957 701 1990 Volcatius,
722 1957 758 1988 Q.
778 1956 956 1989 Manutius,
990 1963 1029 1982 m.
1050 1956 1111 1983 vol.
1131 1955 1260 1989 quintus
1281 1957 1310 1988 S,
1334 1963 1374 1982 ni.
1394 1955 1456 1983 vol.
1476 1964 1504 1988 (1.
1523 1956 1558 1988 P,
1582 1963 1621 1982 m.
1641 1954 1703 1982 vol.
1722 1953 1798 1990 νοὶξ
1816 1955 1859 1981 M.
1947 1955 1974 1981 7.
1991 1953 2152 1983 Isauricus

527 2013 617 2044 pater
636 2010 816 2040 Illanutz'us,
839 2009 1020 2037 hisauricus
1033 2017 1077 2043 pr.
1096 2011 1125 2037 C.
1198 2011 1222 2036 9.
1243 2008 1318 2042 quia
1332 2009 1510 2041 Manutius,
1528 2008 1580 2042 qui
1601 2010 1630 2036 C.
1703 2009 1745 2035 10.
1763 2014 1876 2042 procos
1890 2007 1967 2040 PM,
1982 2013 2098 2042 procus
2111 2007 2153 2035 8¹.

528 2067 568 2091 12.
589 2063 739 2090 similiter
753 2063 775 2089 S
785 2063 826 2089 M.
900 2065 941 2089 14.
956 2070 1026 2089 eum
1041 2070 1097 2089 om.
1112 2063 1140 2089 S.
1195 2061 1338 2089 ferentur
1351 2062 1393 2088 M.
1467 2063 1561 2088 14-15.
1575 2062 1624 2088 set
1639 2060 1801 2088 visserunt
1814 2061 1845 2094 S,
1866 2059 1923 2088 sed
1935 2059 2098 2088 visserunt
2109 2060 2152 2087 M.

527 2120 568 2143 16.
589 2116 640 2143 Μ’.
661 2115 840 2145 Manutius
864 2123 913 2141 .m.
937 2115 967 2142 C.
1034 2114 1146 2148 gabrio
1167 2115 1196 2141 S.
1251 2113 1318 2140 filio
1339 2115 1368 2141 S.
1423 2114 1457 2140 L.
1477 2113 1787 2147 Kicsslz'ny-Schoell,
1810 2120 1867 2140 om.
1890 2112 1920 2140 C.
1982 2111 2018 2139 L.
2037 2113 2152 2139 Manu-

527 2170 601 2201 tius,
626 2170 660 2196 P.
685 2171 714 2196 C.
802 2171 842 2195 17.
862 2167 1003 2195 flaminis
1025 2168 1070 2194 bis
1092 2169 1120 2194 S.
1175 2167 1261 2194 filius
1281 2174 1337 2194 om.
1358 2168 1386 2194 S.
1461 2170 1501 2193 19.
1521 2166 1555 2193 T.
1575 2166 1698 2194 Annius
1718 2165 1796 2193 Milo
1816 2165 1920 2198 Beier,
1942 2164 2032 2200 C(g·n.
2050 2165 2154 2199 ›Duro-

526 2223 598 2250 nius
617 2222 694 2250 linio
720 2222 749 2249 C.

572 2295 594 2329 3
620 2293 789 2329 Castoris
829 2296 867 2327 et
905 2292 1076 2326 Pollucis
1118 2279 1306 2336 templum
1428 2292 1471 2325 16
1497 2291 1655 2326 sororis:
1681 2290 1867 2325 Aemilia:
1893 2275 2021 2325 Plut.
2050 2268 2149 2336 Syll.

527 2358 599 2389 etc.
627 2353 726 2388 Cic.
760 2353 866 2387 Verr.
893 2350 930 2385 II
957 2351 989 2394 1,
1015 2351 1071 2395 59,
1098 2351 1176 2386 154.

573 2414 595 2447 5
621 2411 845 2446 consulares
874 2420 1039 2444 novem:
1070 2410 1112 2444 L.
1146 2409 1303 2454 Calpur-

526 2473 613 2507 nius
650 2471 739 2505 Piso
767 2470 888 2515 Frugi
914 2468 1166 2513 Caesoninus,
1198 2479 1302 2503 cons.

527 2542 559 2565 a.
587 2531 642 2574 58,
683 2529 726 2563 L.
764 2527 974 2563 Volcacius
1013 2527 1160 2571 Tullus,
1199 2537 1303 2561 cons.

527 2601 558 2625 a.
587 2590 643 2633 66,
670 2589 712 2630 Q.
739 2587 931 2623 Caecilius
957 2587 1136 2627 Metellus
1162 2586 1303 2631 Nepos,

528 2659 631 2684 cons.
651 2658 684 2682 a.
704 2647 760 2691 57,
776 2647 825 2681 M.
839 2646 1056 2691 Perpenna,
1071 2656 1175 2680 cons.
1195 2656 1227 2680 a.
1247 2645 1303 2690 92,

526 2708 568 2742 L.
592 2706 771 2742 Marcius
806 2705 1020 2749 Philippus,
1057 2714 1160 2739 cons.
1188 2714 1221 2738 a.
1248 2704 1304 2749 56,

527 2767 576 2801 M.
592 2766 742 2801 Tullius
755 2764 903 2808 Cicero,
919 2774 1023 2798 cons.
1036 2774 1070 2798 a.
1082 2764 1138 2807 63,
1152 2763 1193 2805 Q.
1205 2763 1304 2798 Hor-

527 2826 675 2861 tensius
692 2824 889 2869 Hortalus,
909 2834 1013 2858 cons.
1031 2834 1064 2857 a.
1080 2823 1140 2867 69,
1158 2822 1303 2857 P.·Ser-

526 2885 642 2919 vilius
674 2884 789 2919 Vatia
818 2883 1024 2926 Isauricus,
1055 2892 1159 2916 cons.
1186 2892 1220 2916 a.
1248 2882 1303 2925 79,

528 2943 596 2978 Cn.
622 2943 833 2988 Pompeius
859 2942 1041 2986 Magnus,
1068 2951 1173 2975 cons.
1195 2951 1228 2975 a.
1249 2941 1303 2984 70,

528 3004 583 3049 55,
610 3003 664 3037 52.

1376 2350 1432 2394 33,
1459 2351 1592 2394 Pomp.
1619 2350 1660 2394 93
1687 2349 1854 2383 Zonar.
1881 2348 1917 2383 X
1943 2349 1975 2383 1.

1424 2409 1466 2443 L.
1493 2409 1657 2443 Paulus:
1689 2408 1733 2443 L.
1768 2407 1959 2442 Aemilius
1993 2406 2150 2452 Paulus,

1377 2478 1482 2502 conS.
1509 2478 1542 2502 a.
1569 2468 1624 2502 50.

1424 2527 1467 2561 L.
1493 2526 1706 2570 Lentulus3
1733 2525 1799 2560 cfr.
1827 2525 1927 2560 Cic.
1953 2524 2006 2560 ad
2034 2525 2074 2566 Q.
2094 2523 2150 2569 fr.

1375 2585 1434 2619 III
1461 2586 1492 2630 1,
1518 2585 1583 2630 153
1609 2584 1642 2628 4,
1669 2585 1710 2629 13
1735 2584 1787 2618 ad
1811 2584 1891 2619 Att.
1912 2583 1950 2618 11
1967 2583 2023 2628 24,
2042 2583 2080 2628 23
2097 2582 2150 2618 IV

1377 2645 1432 2690 18,
1460 2645 1502 2688 1;
1530 2643 1605 2678 XII
1630 2645 1663 2686 7,
1692 2644 1730 2688 13
1757 2643 1857 2677 Phil.
1883 2641 1942 2678 III
1960 2642 2016 2688 10,
2034 2642 2090 2686 25,
2107 2643 2151 2677 in

1383 2704 1464 2738 Vat.
1493 2704 1547 2748 10,
1577 2703 1631 2738 25.

1424 2763 1468 2797 17
1494 2762 1537 2796 L.
1563 2761 1752 2796 Aemilius
1784 2761 1894 2795 Buca
1929 2760 2047 2796 filius:
2072 2757 2150 2794 1111

1376 2822 1445 2855 vir.
1480 2831 1512 2855 a.
1540 2831 1573 2855 a.
1599 2820 1633 2854 fl.
1654 2820 1678 2854 f.
1704 2819 1777 2856 Cfr.
1797 2819 2010 2854 Grueber
2037 2817 2150 2853 Coins

1376 2879 1426 2924 of
1445 2881 1505 2915 the
1529 2890 1625 2914 rom.
1651 2879 1820 2924 republic
1843 2878 1863 2913 I
1887 2889 1923 2924 p.
1951 2877 2031 2913 545.

1426 2940 1469 2974 19
1496 2940 1558 2974 cui
1583 2937 1729 2973 Fausta
1754 2942 1828 2973 etc.
1848 2948 1881 2974 a.
1904 2938 1969 2973 55:
1986 2936 2080 2973 Cic.
2098 2936 2150 2971 ad

1376 2999 1454 3034 ΑΗ.
1480 2998 1533 3033 IV
1559 2998 1613 3041 13,
1642 2998 1672 3031 1.
