2300 3528
549 234 605 271 IN
630 234 936 271 ORATIONEM
962 235 1018 273 IN
1043 235 1187 273 TOGA
1213 237 1451 274 CANDIDA
1781 239 1828 273 89

533 639 595 682 IN
629 639 868 683 SENATV
900 640 964 683 IN
997 640 1162 685 ToeA
1189 641 1466 685 OANmDA

377 733 620 779 CONTRA
652 734 701 778 o.
734 735 1057 780 ANTONIVM
1089 737 1166 779 ET
1198 737 1249 780 L.
1283 737 1621 780 CATILINAM

447 814 451 817 ’
769 830 1230 876 COMPETITORES
1470 818 1474 823 ’

261 995 395 1041 Haec
427 997 578 1040 oratio
610 998 741 1040 dicta
772 1002 843 1040 est
874 997 925 1040 L.
960 998 1164 1042 Caesare
1198 998 1247 1042 C.
1280 999 1451 1053 Figulo
1478 1012 1593 1043 coss.
1616 1003 1721 1055 post
1743 1012 1822 1042 an-

112 1076 135 1113 5
171 1085 287 1120 num
320 1086 464 1130 quam
497 1087 583 1130 pro
616 1074 837 1118 Cornelio
871 1075 1073 1118 dixerat.

86 1591 132 1628 10

82 1981 130 2017 15

762 1240 891 1285 ARG
905 1241 1132 1284 VMENT
1142 1242 1237 1284 VM

258 1354 353 1398 Sex
393 1355 729 1410 competitores
762 1355 810 1397 in
844 1356 1119 1398 consulatus
1160 1356 1389 1411 petitione
1433 1355 1600 1398 Cicero
1641 1357 1822 1411 habuit,

168 1432 288 1476 duos
318 1433 557 1488 patricios,
580 1433 630 1476 P.
657 1433 921 1488 Sulpicium
956 1433 1174 1487 Galbam,
1208 1434 1259 1476 L.
1293 1434 1514 1489 Sergium
1539 1434 1822 1488 Catilinam3

169 1512 395 1566 quattuor
415 1510 641 1566 plebeios,
660 1523 721 1553 ex
741 1511 917 1566 quibus
933 1511 1051 1554 duos
1068 1511 1266 1566 nobiles,
1288 1511 1336 1554 C.
1355 1512 1632 1566 Antonium,
1652 1513 1709 1554 M.
1729 1513 1822 1555 An-

169 1587 286 1631 tonii
319 1588 522 1632 oratoris
553 1588 720 1643 filium,
754 1589 804 1631 L.
833 1588 1048 1631 Cassium
1082 1589 1368 1644 Longinum,
1392 1590 1510 1632 duos
1532 1591 1613 1644 qui
1636 1593 1821 1632 tantum

168 1675 265 1709 non
285 1665 430 1721 primi
452 1677 515 1708 ex
534 1665 731 1708 familiis
752 1666 850 1708 suis
872 1666 1206 1721 magistratum
1241 1667 1401 1722 adepti
1435 1670 1586 1721 erant,
1621 1666 1675 1720 Q.
1711 1666 1821 1709 Cor-

167 1742 384 1787 nificium
416 1746 465 1786 et
495 1742 544 1786 C.
577 1743 818 1787 Licinium
851 1744 1172 1787 Sacerdotem.
1243 1745 1370 1787 solus
1401 1744 1569 1787 Cicero
1602 1757 1663 1787 ex
1696 1757 1820 1787 com-

167 1820 452 1877 petitoribus
473 1821 683 1876 equestri
707 1824 812 1864 erat
832 1822 936 1864 loco
959 1825 1117 1875 natus3
1145 1825 1288 1877 atque
1311 1823 1361 1864 in
1384 1823 1613 1877 petitione
1635 1826 1820 1877 patrem

167 1899 340 1942 amisit.
403 1897 561 1942 Ceteri
595 1899 698 1942 eius
730 1900 1067 1955 competitores
1098 1900 1310 1943 modeste
1333 1913 1383 1943 se
1404 1913 1609 1955 gessere,
1633 1901 1821 1955 visique

165 1975 278 2020 sunt
307 1975 362 2031 Q.
395 1976 679 2020 Cornificius
711 1980 759 2020 et
792 1976 946 2020 Galba
986 1978 1133 2020 sobrii
1168 1979 1416 2032 sanctique
1448 1978 1557 2032 viri,
1591 1978 1822 2021 Sacerdos

165 2053 301 2097 n'ulla
322 2053 631 2109 improbitate
652 2058 815 2108 notus;
849 2053 1052 2109 Cassius,
1076 2056 1299 2110 quamvis
1321 2056 1520 2098 stolidus
1543 2059 1643 2098 tum
1668 2055 1823 2110 magis

254 2180 280 2206 1.
293 2168 394 2206 Insc'r.
408 2185 466 2206 om.
480 2179 524 2206 M.
572 2181 650 2213 toga
662 2186 703 2206 esa·
716 2178 802 2206 stola
815 2179 849 2206 P.
923 2181 948 2206 6.
965 2182 1191 2213 argumentum
1208 2179 1332 2212 Baiter,
1351 2186 1408 2207 om.
1427 2181 1457 2207 C.
1531 2182 1555 2207 9.
1571 2179 1649 2207 duos
1660 2187 1693 2215 p,
1711 2179 1772 2207 duo
1792 2171 1823 2207 C'

166 2233 208 2260 10.
227 2230 426 2268 Longinium
447 2232 491 2259 M.
548 2233 671 2260 tantum
694 2232 876 2263 Manutius.
903 2236 1010 2260 tamen
1036 2234 1066 2260 C.
1162 2236 1203 2259 11.
1223 2231 1411 2273 familiariis
1432 2234 1474 2260 Μ.
1565 2236 1607 2260 14.
1628 2233 1772 2270 suit-iique
1793 2217 1823 2260 Ι).

165 2287 207 2314 16.
226 2283 326 2314 sobril
346 2285 485 2320 Poyyius
500 2286 544 2318 M,
567 2285 651 2314 sonii
673 2287 696 2313 S
704 2286 738 2312 P.
794 2285 963 2320 sanctique
984 2294 1048 2320 2110,
1072 2286 1176 2314 sancti
1203 2287 1238 2313 C.
1289 2286 1469 2314 sacerdotis
1489 2287 1518 2314 S.
1611 2289 1652 2314 16.
1673 2287 1821 2321 quamvis

164 2339 350 2373 Buecheler,
374 2338 428 2373 qui
449 2338 483 2366 in
504 2338 574 2367 eius
594 2339 661 2371 SP,
685 2339 739 2373 qui
761 2339 849 2367 iners
868 2340 1007 2374 Pogmius
1022 2341 1065 2367 M.
1123 2342 1188 2367 tum
1210 2340 1282 2367 aad.
1302 2341 1339 2367 Pl
1360 2348 1460 2375 supra
1482 2340 1540 2368 lin.
1559 2340 1717 2375 magister
1738 2343 1767 2368 S.

213 2447 232 2482 4
260 2447 305 2483 L.
319 2446 489 2484 Caesare
503 2446 543 2483 C.
558 2446 701 2493 Figulo
717 2457 882 2482 coss.:a.
899 2447 956 2483 64.
1030 2451 1154 2493 praet.
1186 2452 1255 2483 aut
1281 2459 1315 2483 a.
1341 2449 1387 2483 67
1415 2452 1483 2483 aut
1510 2449 1567 2484 66.
1643 2448 1683 2484 C.
1720 2449 1819 2483 Lici-

214 2508 235 2543 7
261 2505 341 2542 Sex
360 2507 639 2552 competitores
657 2509 752 2542 ete:
779 2506 878 2542 Cic.
905 2507 957 2542 ad
1030 2509 1139 2543 nium
1166 2508 1448 2543 Sacerdotem:
1475 2513 1597 2553 praet.
1626 2520 1659 2543 a.
1689 2509 1743 2544 715».

164 2567 245 2603 ΑΗ.
271 2566 291 2602 I
318 2567 356 2611 13
394 2567 504 2602 Mur.
531 2567 565 2611 8,
593 2567 656 2610 17;
693 2566 739 2602 de
771 2567 839 2612 leq.
871 2578 955 2613 αφ’.
1077 2568 1123 2603 12
1150 2568 1256 2603 solus
1270 2567 1407 2603 Cicero
1423 2571 1510 2603 etc:
1528 2568 1654 2603 Plut.
1674 2568 1746 2603 Οἱς.
1767 2569 1818 2603 ll.

164 2626 204 2662 ΙΙ
230 2627 262 2672 1,
289 2627 330 2670 33
362 2626 411 2669 Q.
438 2625 540 2662 Cic.
562 2628 640 2671 pet.
666 2636 770 2662 cons.
797 2627 954 2672 passim.
1079 2629 1123 2663 13
1148 2628 1188 2662 in
1226 2628 1418 2673 petitione
1459 2631 1611 2673 patrem
1655 2627 1819 2663 amisit:

212 2687 236 2722 8
262 2685 303 2721 Ρ.
322 2685 540 2731 Sulpicium
559 2685 748 2722 Galbam:
767 2685 853 2722 aed.
874 2696 953 2722 cur.
1028 2698 1063 2723 a.
1091 2688 1126 2722 d.
1154 2687 1204 2722 IV
1233 2687 1309 2722 kal.
1337 2687 1432 2723 Dec.
1459 2688 1516 2731 64,
1544 2688 1611 2722 cfr.
1639 2686 1740 2723 Cic.
1767 2687 1820 2722 acl

165 2759 200 2785 a.
226 2747 274 2783 69
300 2746 522 2791 (Eckhel‚
549 2747 582 2792 5,
608 2747 690 2791 317,
717 2746 954 2791 Babclou,
1027 2748 1107 2783 Att.
1135 2748 1152 2783 Ι
1178 2748 1211 2792 6,
1240 2749 1272 2784 2.

165 2808 199 2853 2,
225 2807 321 2851 472).
1078 2808 1122 2843 15
1163 2808 1282 2843 sobrii
1324 2809 1532 2853 sanctique
1575 2808 1671 2842 viri:
1715 2807 1816 2843 Cic.

214 2868 261 2903 10
284 2866 328 2903 L.
354 2866 535 2903 Cassium
554 2866 804 2913 Longinum:
831 2874 953 2912 praet.
1035 2868 1142 2903 Verr.
1170 2867 1188 2902 I
1215 2868 1270 2912 10,
1297 2869 1354 2903 30.

165 2938 199 2964 a.
224 2927 282 2963 66.
1075 2928 1122 2962 15
1147 2925 1342 2962 Sacerdos
1368 2932 1463 2962 etc.:
1502 2926 1604 2962 Cic.
1639 2927 1746 2962 Verr.
1781 2926 1817 2961 II

216 2987 333 3022 11-12
356 2987 398 3030 Q.
417 2986 689 3023 Comificium:
709 2993 753 3021 tr.
773 2987 823 3031 pl.
844 2998 877 3022 a.
895 2987 953 3031 69,
1026 2988 1060 3032 3,
1079 2988 1136 3031 50,
1157 2987 1243 3031 1193
1261 2987 1318 3032 92,
1338 2987 1515 3032 2143pro
1531 2987 1665 3021 Plane.
1690 2987 1742 3031 11,
1760 2986 1817 3022 27.

314 3105 346 3139 Q.
368 3103 500 3132 Asconii
518 3103 656 3132 Pediani
679 3106 791 3133 comm.
1628 3092 1673 3129 12

1865 682 1909 716 73
1924 682 1993 716 ΚΒ

1863 747 1908 780 82
1929 747 1998 782 ΗΟ

1862 813 1907 847 64
1922 812 1953 847 S
