2300 3528
67 0 214 27 &ww
239 1 251 11 ³

8 111 34 146 ξ’

12 151 28 218 ‘21

17 281 29 305 ί

86 1109 132 1146 10

83 1499 129 1536 15

78 1967 126 2005 20

779 227 835 264 IN
861 226 1199 264 SCAVRIANAM
1766 228 1809 262 31

170 326 254 368 est.
313 324 522 381 possidet
553 337 659 367 eam
692 337 821 368 nunc
845 325 1030 380 Largus
1051 323 1271 380 Caecina,
1299 326 1381 380 qui
1404 325 1567 368 consul
1591 325 1680 367 fuit
1701 337 1810 367 cum

169 398 383 447 Claudio.
456 402 506 445 in
537 402 680 445 huius
721 403 890 446 domus
921 403 1043 446 atrio
1076 403 1272 445 fuerunt
1302 405 1526 458 quattuor
1559 403 1810 445 columnae
1851 407 1896 442 -ῖὸ
1915 408 1945 442 S

170 482 468 524 marmoreae
504 480 679 535 insigni
723 480 1067 535 magnitudine,
1111 493 1234 535 quae
1267 492 1396 522 nunc
1439 493 1539 523 esse
1573 480 1622 522 in
1663 480 1812 534 Regia

169 555 343 600 theatri
389 556 605 600 Marcelli
643 557 882 600 dicuntur.
957 569 1067 599 usus
1098 560 1203 600 erat
1234 557 1292 599 iis
1334 557 1504 599 aedilis
1535 581 1594 587 —
1627 559 1678 599 ut
1710 557 1810 611 ipse
1848 562 1893 596 ‘24
1916 563 1980 597 lis·

167 644 356 691 quoque
388 633 627 690 significat
651 660 709 664 —
736 634 786 677 in
819 637 989 677 ornatu
1015 634 1205 689 theatri,
1233 635 1359 689 quod
1392 635 1452 676 ad
1486 637 1674 690 tempus
1706 646 1809 689 per-

167 722 312 768 quam
344 712 532 768 amplae
565 712 908 767 magnitudinis
941 710 1173 770 flmagness
1208 712 1402 755 fecerat.

754 844 888 887 VER.
925 844 962 886 A
994 843 1133 888 NOV.
1163 877 1172 887 .
1198 878 1207 887 .
1233 878 1242 887 .

259 946 368 999 (45.)
401 945 564 988 Haec
595 957 725 988 cum
759 948 817 987 tu
850 945 1134 999 effugere
1167 958 1283 988 non
1316 946 1644 1001 potuisses,
1672 958 1809 989 con-

168 1023 382 1067 tendes
413 1026 612 1066 tamen
650 1026 710 1065 et
751 1023 1105 1078 postulabis
1147 1026 1212 1065 ut
1244 1024 1306 1066 M.
1340 1024 1646 1066 Aemilius
1678 1037 1809 1067 cum

167 1113 272 1144 sua
303 1100 593 1156 dignitate
626 1101 812 1156 omni,
845 1113 974 1144 cum
1008 1102 1197 1156 patris
1230 1102 1526 1156 memoria,
1560 1114 1684 1145 cum
1718 1104 1808 1146 avi

166 1178 400 1234 gloria,
453 1176 954 1233 sordidissimae,
1013 1179 1407 1233 vanissimae,
1463 1180 1809 1222 levissimae

165 1255 330 1312 genti
379 1268 447 1299 ac
497 1268 688 1312 prope
741 1257 937 1299 dicam
986 1257 1231 1312 pellitis
1279 1258 1539 1300 testibus
1586 1258 1808 1300 condo—

165 1332 378 1376 netur?

252 1409 412 1454 Avum
438 1409 568 1453 hunc
591 1409 759 1453 Scauri
782 1413 1053 1453 maternum
1080 1411 1318 1466 significat
1338 1412 1389 1454 L.
1413 1412 1658 1455 Metellum
1681 1415 1808 1468 pont.

165 1499 308 1543 max„
350 1499 494 1543 quem
534 1490 697 1544 postea
738 1489 954 1531 nominat
995 1501 1198 1544 quoque.
1278 1502 1390 1532 nam
1430 1492 1659 1545 paternus
1691 1503 1810 1533 avus

164 1578 481 1622 proavusque,
498 1567 721 1621 utsupra
743 1566 974 1621 discimus,
992 1566 1199 1610 humiles
1221 1570 1364 1622 atque
1387 1567 1576 1610 obscuri
1601 1568 1807 1611 fuerunt.

681 1697 815 1740 VER.
849 1698 890 1740 A
921 1697 1117 1741 NOVIS.
1152 1697 1285 1741 CLX.

255 1800 364 1854 (46.)
391 1799 653 1854 Undique
681 1799 818 1842 mihi
845 1801 1174 1856 suppeditat
1206 1802 1349 1856 quod
1376 1814 1476 1857 pro
1508 1802 1567 1845 M.
1601 1802 1808 1845 Scauro

162 1877 381 1932 dicam,
415 1888 779 1932 quocumque
820 1890 934 1920 non
966 1879 1137 1921 modo
1171 1891 1354 1933 mens,
1389 1892 1603 1922 verum
1638 1880 1807 1923 etiam

162 1954 329 1998 oculi
371 1954 742 1997 inciderint.
827 1955 1008 1998 curia
1039 1956 1160 1998 illa
1197 1969 1306 1999 vos
1347 1957 1418 1999 de
1462 1957 1807 2012 gravissimo

161 2032 519 2089 principatu
562 2032 744 2087 patris
786 2033 1223 2089 fortissimoque
1267 2037 1550 2088 testatum
1588 2035 1644 2078 L.
1679 2035 1807 2091 ipse
1846 2048 1945 2083 <2⁸0

161 2110 466 2165 Metellus,
501 2123 647 2153 avus
678 2110 876 2165 huius,
910 2112 1323 2155 sanctissimos
1355 2113 1487 2155 deos
1520 2113 1637 2155 illo
1670 2126 1806 2156 con-
1845 2132 1945 2167 2813

172 2188 456 2232 stituisse
510 2189 741 2244 templo
793 2189 1053 2232 videtur
1099 2190 1157 2232 in
1204 2194 1406 2233 vestro
1449 2195 1805 2247 conspectu,

251 2369 276 2394 1.
294 2370 404 2401 posset
423 2368 501 2395 SP1.
557 2375 641 2394 nunc
656 2367 782 2402 Largus
797 2367 938 2403 Lipsius,
963 2375 1046 2395 nunc
1060 2368 1177 2402 lognus
1192 2370 1222 2402 S,
1247 2376 1330 2396 nunc
1344 2368 1461 2403 longus
1476 2370 1519 2402 ill,
1543 2365 1660 2403 longiis
1675 2363 1759 2397 fiune
1775 2370 1807 2396 Ρ.

162 2418 305 2449 caecina
324 2422 504 2455 Manutius,
529 2421 636 2449 vicina
655 2423 686 2455 S,
710 2421 840 2449 cicinna
859 2422 938 2449 PM.
1012 2424 1037 2449 4.
1057 2422 1098 2450 iis
1118 2423 1289 2456 Beralclus,
1313 2422 1341 2450 is
1361 2423 1436 2455 SM,
1459 2422 1510 2450 his
1527 2424 1560 2450 P.
1634 2425 1659 2451 5.
1678 2423 1711 2450 in
1732 2425 1808 2458 Ροῃ-

161 2473 246 2508 9ius,
268 2475 304 2503 ut
321 2474 355 2502 {n
380 2476 410 2504 C.
466 2477 572 2504 ortatu
594 2477 635 2503 M.
738 2478 763 2503 6.
784 2475 911 2510 amplae
932 2476 1244 2511 [siesslinq-Schoell,
1268 2477 1377 2511 ampla
1401 2478 1431 2505 C.
1487 2477 1711 2511 magnitudine
1732 2479 1808 2512 Pogl-

161 2527 244 2562 9ius.
298 2535 416 2564 magne
436 2530 494 2557 del.
514 2530 695 2557 Manutius.
768 2531 793 2557 7.
814 2537 870 2557 om.
892 2531 934 2557 M.
1007 2533 1032 2558 8.
1053 2530 1194 2565 effugere
1216 2532 1251 2564 P,
1275 2530 1406 2566 effigere
1427 2533 1501 2559 SM.
1575 2534 1600 2559 9.
1619 2532 1764 2566 postulas
1779 2534 1808 2559 S.

162 2583 206 2609 10.
225 2588 304 2610 eura
321 2581 423 2617 patris
442 2584 472 2611 S.
582 2587 623 2611 11.
653 2583 830 2612 vanissime
859 2583 1025 2612 levissime
1052 2585 1083 2617 S,
1115 2584 1281 2613 levissime
1302 2585 1479 2613 vanissime
1499 2586 1534 2619 P,
1567 2585 1743 2613 vanissime
1766 2587 1808 2614 M.

163 2637 206 2663 14.
225 2634 310 2663 hunc
338 2635 652 2672 Kisssliny—Schoslh
684 2645 768 2665 nunc
794 2639 824 2666 C.
897 2645 1044 2666 scaurum
1067 2639 1096 2666 S.
1206 2640 1247 2666 15.
1267 2646 1355 2676 quoq;
1375 2638 1465 2667 neiat
1484 2640 1518 2667 P.
1592 2642 1757 2667 maternus
1778 2642 1807 2667 S.

163 2691 206 2718 16.
225 2690 261 2717 ut
279 2696 376 2724 supra
394 2689 534 2719 diximus
555 2693 675 2726 Stanyl,
699 2691 805 2719 scauri
826 2692 861 2725 P,
891 2712 1095 2721 ............
1116 2694 1146 2726 S,
1176 2693 1281 2720 scauri
1303 2713 1480 2721 ..........
1480 2694 1493 2719 ⁷1
1492 2695 1515 2721 Ι.
1626 2696 1667 2721 17.
1687 2701 1744 2721 om.
1765 2695 1807 2721 M.

162 2745 206 2771 20.
225 2742 421 2778 gravissimo
441 2745 520 2779 PM,
544 2745 725 2773 clarissimo
747 2744 827 2786 patri
849 2747 878 2774 S.
953 2749 995 2774 23.
1015 2746 1047 2774 in
1069 2746 1188 2781 templo
1208 2748 1242 2774 P.

212 2862 231 2897 1
259 2862 398 2898 consul
423 2863 516 2899 fuit:
542 2875 577 2900 a.
604 2865 649 2900 42
675 2876 711 2911 p.
746 2864 785 2900 C.
1022 2866 1132 2902 XVII
1151 2867 1191 2912 ὃς
1218 2867 1385 2903 XXXVI
1413 2869 1444 2903 7.

209 2921 232 2957 2
277 2922 318 2957 in
359 2922 476 2958 huius
518 2923 658 2960 domus
700 2927 798 2960 atrio
850 2929 946 2962 ete:
1066 2927 1087 2962 4
1125 2938 1222 2963 usus
1265 2932 1349 2963 erat
1392 2931 1485 2964 ete:
1528 2940 1562 2964 a.
1603 2929 1665 2963 59:
1706 2928 1802 2964 Cic.

163 2980 331 3024 Quint.
353 2982 385 3018 V
408 2983 463 3028 13,
482 2983 538 3019 40.
558 2985 682 3021 Aliter
700 2986 821 3021 Plin.
850 2997 888 3021 η.
907 2987 943 3022 Ῑι.
1019 2987 1156 3023 Scaur.
1182 2987 1237 3032 fr.
1265 2989 1321 3023 45.
