2300 3528
534 309 581 344 82
1223 311 1471 349 Asoomvs
1536 289 1551 293 ”

626 405 671 448 C.
705 406 823 460 Piso,
856 407 936 461 qui
969 408 1133 450 consul
1164 409 1330 451 eodem
1363 421 1485 450 anno
1518 409 1606 451 fuit
1630 422 1722 464 quo
1748 409 1994 452 Cornelius
2013 412 2070 452 tr.
2093 409 2155 464 pl.

534 488 649 536 erat,
682 495 790 525 cum
824 484 978 538 legem
1010 485 1069 527 de
1102 485 1283 527 ambitu
1305 498 1365 528 ex
1388 485 1429 527 S.
1454 485 1502 528 C.
1525 487 1795 540 graviorem
1828 499 1969 542 quam
2002 487 2158 530 fuerat

533 562 674 602 antea
699 560 845 602 ferret
870 563 917 603 et
942 564 1134 616 propter
1160 562 1511 604 multitudinem
1539 563 1813 618 divisorum,
1840 564 1921 619 qui
1947 575 2033 618 per
2056 563 2157 606 vim

403 638 446 673 76
469 636 501 672 C'
533 637 923 691 adversabantur,
957 650 982 680 e
1016 638 1115 680 foro
1147 639 1325 680 eiectus
1356 641 1478 680 esset
1509 639 1726 682 edixerat
1755 640 1802 682 id
1835 640 1959 694 quod
1991 637 2157 682 Cicero

532 713 779 767 significat,
813 716 860 755 et
896 714 1074 756 maiore
1107 727 1251 756 manu
1292 715 1490 769 stipatus
1526 716 1586 757 ad
1628 716 1782 770 legem
1824 715 2156 770 perferendam
2194 719 2216 753 5

532 790 854 832 descenderat.

619 867 810 909 Plebem
845 879 904 909 ex
937 868 1195 910 Maniliana
1227 869 1482 911 offensione
1515 870 1691 911 victam
1720 874 1766 912 et
1797 870 2023 912 domitam
2056 881 2156 912 esse

531 943 658 985 dicit.
1364 998 1367 999 ⁷
2134 1003 2140 1008 ·

618 1021 805 1062 Aiunt
837 1024 1069 1063 vestros
1100 1022 1330 1064 animos
1362 1026 1620 1077 propter
1650 1023 1826 1065 illius
1857 1026 1934 1084 tr,
1967 1023 2044 1078 pl.
2078 1025 2153 1065 te·

531 1098 853 1140 meritatem
906 1111 1071 1153 posse
1119 1100 1323 1143 adduci
1373 1104 1432 1141 ut
1478 1101 1703 1142 omnino
1749 1113 1779 1143 a
1828 1099 2155 1154 defensione
2191 1104 2238 1139 10

529 1175 703 1216 illius
764 1176 1066 1229 potestatis
1127 1176 1560 1229 abalienentur;
1622 1177 1722 1231 qui
1785 1177 2156 1219 restituerunt

529 1264 648 1293 eam
682 1255 1055 1306 potestatem,
1095 1253 1341 1295 alterum
1379 1254 1529 1295 nihil
1568 1266 1736 1296 unum
1771 1266 1930 1308 posse
1963 1255 2156 1296 contra

529 1329 766 1383 multos,
799 1329 1062 1371 alterum
1096 1330 1265 1384 longe
1298 1330 1532 1372 abesse?

616 1403 916 1446 Manifestum
950 1412 1061 1458 puto
1094 1417 1193 1446 esse
1217 1405 1351 1447 vobis
1376 1405 1434 1447 M.
1462 1404 1680 1447 Crassum
1705 1408 1752 1447 et
1774 1405 1854 1448 Cn.
1878 1405 2153 1460 Pompeium

527 1481 798 1534 significari,
827 1494 851 1523 e
880 1481 1051 1535 quibus
1077 1480 1270 1524 Crassus
1291 1483 1436 1524 iudex
1459 1486 1558 1524 tum
1581 1483 1774 1525 sedebat
1796 1483 1845 1525 in
1867 1482 2153 1536 Cornelium,
2192 1489 2238 1524 15

526 1558 776 1612 Pompeius
809 1559 858 1600 in
889 1559 1001 1600 Asia
1033 1559 1211 1601 bellum
1244 1559 1619 1601 Mithridaticum
1652 1560 1862 1614 gerebat.

398 1643 492 1678 6ΟὸΥ
614 1636 790 1678 Tanta
822 1636 1020 1690 igitur
1052 1637 1113 1678 in
1145 1637 1275 1678 illis
1322 1637 1519 1679 virtus
1566 1637 1700 1691 fuit,
1751 1639 1814 1679 ut
1849 1649 2001 1679 anno
2032 1637 2155 1679 XVI

526 1715 647 1766 post
679 1725 837 1767 reges
869 1716 1112 1755 exactos
1143 1716 1388 1768 propter
1427 1714 1662 1755 nimiam
1695 1714 2154 1756 dominationem

527 1790 866 1844 potentium
920 1791 1305 1844 secederent,
1359 1791 1519 1844 leges
1568 1794 1840 1846 sacratas
1891 1791 1998 1846 ipsi
2045 1791 2153 1833 sibi

361 1881 492 1915 (κως
527 1868 947 1921 restituerent,
990 1868 1105 1909 duo
1154 1868 1425 1909 tribunos
1467 1871 1771 1922 crearent,
1810 1872 2057 1910 montem
2089 1868 2153 1910 il·
2191 1873 2237 1908 20

394 1958 487 1991 7611
526 1945 645 1986 lum
680 1947 835 1986 trans
876 1945 1168 1998 Anienem,
1215 1945 1309 1998 qui
1356 1945 1525 1987 hodie
1573 1945 1734 1987 Mons
1773 1945 1938 1987 Sacer
1978 1945 2153 1988 nomi·
2194 1968 2197 1971 -

526 2025 722 2074 natur,
756 2022 810 2063 in
843 2034 946 2075 quo
994 2023 1199 2063 armati
1251 2023 1675 2076 consederant,
1713 2025 2005 2064 aeternae
2037 2034 2153 2064 me-

526 2098 750 2139 moriae
813 2110 994 2140 causa
1055 2102 1492 2140 consecrarent.
1593 2100 1797 2153 itaque
1861 2099 2154 2153 auspicato

524 2178 743 2228 postero
776 2188 921 2217 anno
955 2178 1022 2217 tr.
1056 2176 1128 2229 pl.
1163 2176 1419 2217 comitiis
1450 2176 1686 2218 curiatis
1717 2176 1898 2218 creati
1931 2178 2079 2218 sunt.

612 2253 817 2294 Inducor
850 2253 1000 2306 magis
1033 2253 1336 2294 librariorum
1370 2253 1458 2294 hoc
1490 2254 1591 2294 loco
1624 2265 1724 2294 esse
1757 2253 1976 2294 mendam
2009 2263 2153 2306 quam
2191 2259 2237 2294 25

612 2397 635 2420 1.
655 2393 686 2420 C.
706 2393 886 2426 Manutius,
916 2401 973 2419 om.
997 2394 1027 2420 C.
1135 2395 1159 2420 9.
1179 2392 1269 2420 aiunt
1290 2393 1526 2427 Madviy,‚ante
1551 2394 1580 2420 C.
1644 2392 1768 2420 animos
1795 2392 1968 2425 Patricius,
1997 2398 2098 2419 annos
2123 2391 2147 2419 C

524 2449 565 2473 10.
585 2454 605 2473 a
624 2446 810 2473 defensione
831 2447 1012 2478 Mommsen,
1171 2453 1209 2473 nc
1231 2449 1303 2480 (nec
1323 2448 1355 2477 S)
1383 2447 1412 2473 C.
1518 2450 1559 2473 11.
1579 2445 1747 2480 potestatis
1767 2444 1992 2473 abalienentur
2009 2444 2149 2478 Madvig),

523 2501 681 2532 potestate
702 2499 924 2526 abalienemur
950 2499 979 2525 C.
1089 2502 1130 2526 14.
1150 2498 1241 2525 nobis
1261 2500 1290 2526 S.
1400 2500 1442 2525 15.
1463 2498 1533 2536 eqb'
1556 2499 1590 2531 P,
1615 2497 1775 2531 equitibus
1796 2499 1869 2524 SM.
1975 2499 2017 2524 16.
2037 2497 2104 2524 alia
2123 2498 2152 2525 S.

523 2554 565 2579 19.
584 2552 645 2585 ipsi
666 2552 727 2579 sibi
749 2553 928 2584 Manutius,
952 2552 1031 2585 ipsis
1051 2551 1111 2578 sibi
1135 2552 1200 2582 sP,
1231 2551 1291 2578 sibi
1313 2551 1392 2585 ipsis
1412 2552 1454 2579 M.
1562 2554 1603 2578 20.
1624 2551 1702 2578 duos
1721 2551 1857 2585 Pogmius
1878 2552 1919 2578 M.
1984 2552 2020 2578 tr.
2040 2551 2074 2583 P,
2098 2550 2152 2577 tri-

523 2605 597 2632 buni
619 2607 648 2631 S.
722 2608 764 2632 21.
784 2600 898 2632 anien}
920 2599 1008 2631 tratis
1028 2605 1061 2632 P.
1135 2607 1176 2631 23.
1197 2606 1439 2631 consecrassent
1459 2605 1487 2631 S.
1561 2607 1602 2632 ⁸24.
1621 2604 1646 2630 X
1668 2606 1704 2631 tr.
1725 2604 1803 2630 PM.

572 2734 584 2767 1
617 2733 656 2768 C.
678 2733 777 2778 Piso,
799 2735 865 2778 qui
885 2734 1019 2768 consul
1039 2733 1175 2767 eodem
1197 2743 1298 2767 anno
1372 2734 1455 2768 Asc.
1495 2733 1574 2767 Ped
1577 2759 1702 2767 ......
1729 2735 1770 2768 in
1811 2733 1884 2767 Cic.
1921 2743 1976 2767 or.
2013 2742 2148 2767 comm.

522 2792 594 2826 fuit-
621 2796 693 2826 etc.
722 2802 755 2827 a.
782 2792 845 2828 67:
872 2792 962 2826 Dio
990 2791 1167 2836 XXXVI,
1189 2792 1245 2835 39,
1268 2792 1298 2826 1.
1367 2804 1406 2836 p.
1434 2794 1484 2827 66·
1495 2792 1582 2837 sq),
1615 2794 1726 2827 euius
1759 2792 1872 2827 verba
1905 2792 1995 2827 haec
2030 2794 2148 2826 sunt:

571 2852 611 2885 11
641 2852 912 2886 restituerunt:
939 2861 971 2885 a.
1000 2852 1054 2886 ΤΟ.
1238 2867 1243 2871 ·
1379 2851 1543 2886 «Cicero
1582 2852 1648 2896 qui
1675 2851 1813 2886 in'hac
1854 2855 1935 2886 tota
1974 2851 2147 2885 oratione

569 2910 615 2943 25
640 2909 810 2944 Inducor
827 2910 1208 2954 magislibrariorum
1225 2909 1297 2942 hm¹
1372 2910 1569 2954 popularis
1596 2920 1681 2944 esso
1709 2910 1877 2954 volebat,
1907 2909 2002 2944 nihil
2041 2909 2147 2944 aliud

522 2969 606 3002 loco
638 2978 722 3002 csse
757 2968 938 3002 mendam
966 2972 1061 3003 etc.:
1095 2969 1230 3003 Verius
1255 2968 1299 3002 de
1374 2979 1490 3013 quam
1530 2970 1715 3013 ambiguo
1754 2969 1872 3003 verbo
1907 2972 1953 3003 et⁴
1977 2968 2081 3013 quod
2107 2969 2146 3002 in

523 3030 600 3062 {ola
627 3038 668 3061 re
693 3028 876 3062 iudicavit
916 3028 1023 3062 Mad
1036 3029 1118 3073 vig
1155 3027 1230 3074 (De
1259 3030 1297 3068 Q.
1372 3029 1496 3062 maius
1518 3028 1642 3072 accipi
1661 3028 1789 3072 vellet,
1808 3028 2005 3072 significat
2023 3027 2146 3072 plebis
