2300 3528
506 245 550 281 76
1191 244 1356 283 ASCON
1358 245 1438 282 IVS

502 353 720 383 consessu
767 342 1039 396 spectacula
1084 344 1367 384 senatorum.
1450 343 1498 384 in
1546 355 1602 384 ea
1647 346 1806 385 autem
1843 354 1986 397 quam
2023 345 2127 398 post

325 424 371 460 62
388 424 429 458 K
438 422 470 458 S
502 418 681 472 aliquot
721 431 867 460 annos
908 418 1074 460 habuit
1105 419 1163 461 de
1206 419 1476 473 aruspicum
1521 431 1754 473 responSO,
1797 431 1891 461 non
1936 431 2125 474 passum

376 802 467 837 568

370 1501 464 1536 7013

502 507 601 537 esse
633 494 914 549 Scipionem,
942 496 1023 538 sed
1047 496 1199 550 ipsum
1222 499 1464 538 auctorem
1488 495 1629 538 fuisse
1651 496 1795 538 dandi
1828 508 1937 538 eum
1968 496 2125 538 locum

501 571 796 614 senatoribus
822 572 1014 614 videtur
1034 573 1316 626 significare.
1380 572 1529 614 verba
1560 572 1662 615 eius
1693 573 1812 615 haec
1843 574 1970 614 sunt:
2002 584 2125 615 nam

501 649 635 702 quid
667 661 765 702 ego
821 649 886 691 de
943 649 1061 691 illis
1117 650 1264 692 ludis
1319 650 1538 703 loquar,
1595 661 1732 704 quos
1782 650 1837 691 in
1897 649 2126 692 Palatio

501 726 674 767 nostri
708 726 953 768 maiores
984 728 1116 768 ante
1149 727 1420 780 templum
1452 726 1649 768 Matris
1679 726 1908 780 Magnae
1940 725 2124 782 Μαρα-

501 802 720 844 lesibus
767 803 914 845 fieri
964 803 1384 858 celebrarique
1430 803 1788 846 voluerunt?
1830 827 1887 832 -
1925 802 2127 857 quibus
2189 828 2194 832 -

501 878 749 932 primum
795 879 943 921 ludis
989 882 1115 921 ante
1163 880 1366 934 populi
1415 892 1750 922 consessum
1792 879 2018 921 senatui
2049 879 2125 922 lo-

501 968 625 997 cum
657 956 710 997 P.
743 956 1070 998 Africanus
1102 956 1154 998 II
1186 969 1276 999 cos
1285 989 1507 999 ..........
1550 960 1597 999 et
1637 957 1821 1011 collega
1862 956 1963 999 eius
1998 955 2124 998 Sem—

501 1033 666 1087 pronio
707 1033 868 1087 Longo
910 1034 999 1075 hoc
1042 1034 1272 1083 tributum
1315 1046 1414 1076 esse
1456 1034 1641 1076 senatui
1682 1034 1860 1087 scribit,
1901 1033 1983 1076 sed.
2024 1033 2126 1076 sine

502 1109 740 1151 mentione
772 1109 1081 1163 Megalesium
1114 1135 1171 1140 —
1196 1110 1374 1152 aediles
1400 1111 1527 1152 enim
1554 1122 1632 1153 eos
1657 1110 1792 1152 ludos
1818 1110 1976 1152 facere
2001 1109 2126 1152 soliti
2152 1115 2154 1117 ’

502 1188 638 1227 erant
678 1211 736 1216 —
774 1186 948 1228 votivis
989 1187 1113 1228 ludis
1157 1187 1334 1228 factum
1377 1187 1521 1229 tradit
1562 1199 1677 1241 quos
1722 1186 1877 1241 Scipio
1919 1188 1967 1228 et
2005 1186 2125 1228 Lon-

501 1275 587 1316 gus
618 1274 731 1304 coss.
766 1262 978 1304 fecerint.
1043 1275 1135 1304 non
1162 1264 1423 1317 praeterire
1456 1265 1615 1305 autem
1642 1275 1726 1305 vos
1751 1263 1859 1306 volo
1890 1274 1991 1305 esse
2023 1274 2124 1304 ora-

501 1339 649 1381 toriae
682 1340 955 1381 calliditatis
988 1337 1117 1396 [[1us]]
1152 1343 1215 1394 ut,
1249 1353 1357 1382 cum
1391 1352 1506 1395 opus
1552 1343 1634 1394 est,
1682 1341 1859 1382 eisdem
1892 1340 2034 1382 rebus
2064 1339 2124 1382 ab

503 1419 702 1470 utraque
734 1419 868 1471 parte
890 1418 969 1460 vel
990 1430 1018 1459 a
1040 1418 1290 1460 contrariis
1316 1420 1521 1460 utantur.
1585 1430 1696 1460 nam
1723 1430 1831 1460 cum
1863 1417 2124 1460 secundum

502 1492 743 1535 Ciceronis
775 1494 1043 1548 opinionem
1076 1498 1268 1537 auctore
1295 1494 1512 1550 Scipione
1539 1496 1730 1537 consule
1763 1495 1941 1538 aediles
1971 1506 2123 1538 secre-

502 1572 602 1611 tum
650 1573 759 1612 ante
792 1572 944 1612 omnis
990 1572 1146 1613 locum
1193 1572 1437 1627 spectandi
1475 1572 1771 1614 senatoribus
1802 1572 2033 1626 dederint,
2065 1570 2124 1614 de

502 1647 668 1689 eodem
701 1647 781 1689 illo
804 1648 927 1690 facto
949 1647 1180 1703 Scipionis
1202 1649 1251 1691 in
1276 1649 1367 1691 hac
1389 1649 1580 1703 quidem
1603 1650 1827 1700 oratione,
1850 1650 1963 1703 quia
1983 1661 2127 1692 causa

503 1725 744 1779 popularis
776 1729 879 1767 erat
909 1727 1309 1780 premebaturque
1341 1730 1531 1769 senatus
1571 1727 1851 1769 auctoritate
1893 1729 2035 1781 atque
2066 1726 2125 1768 ob

502 1802 549 1844 id
596 1803 875 1857 dignitatem
923 1803 1024 1845 eius
1074 1803 1251 1845 ordinis
1301 1817 1442 1858 quam
1490 1807 1644 1859 posset
1689 1804 1897 1846 maxime
1945 1803 2125 1847 elevari

502 1891 672 1922 causae
720 1881 1016 1934 expediebat,
1048 1881 1334 1935 paenituisse
1382 1882 1448 1923 ait
1479 1880 1746 1936 Scipionem
1775 1880 1917 1935 ‘quod
1963 1893 2126 1936 passus

502 1960 622 1998 esset
653 1957 701 1998 id
733 1958 859 2010 fieri3
893 1958 942 1999 in
974 1958 1185 1999 oratione
1234 1959 1291 2000 de
1339 1959 1611 2013 aruspicum
1660 1971 1894 2013 responso,
1931 1958 2044 2013 quia
2073 1958 2123 2000 in

500 2036 666 2075 senatu
699 2035 975 2088 habebatur,
1010 2036 1144 2077 cuius
1180 2036 1374 2077 auribus
1421 2039 1523 2078 erat
1562 2036 1916 2090 blandiendum,
1949 2037 1998 2078 et
2027 2047 2123 2077 ma-

500 2123 707 2164 gnopere
740 2111 874 2152 illum
907 2111 1070 2153 laudat
1102 2115 1148 2153 et
1179 2124 1271 2153 non
1304 2116 1546 2154 auctorem
1579 2113 1721 2154 fuisse
1754 2112 1897 2155 dandi
1924 2137 1981 2142 —
2013 2124 2123 2154 nam

501 2187 547 2228 id
581 2190 683 2229 erat
713 2188 868 2230 levius
899 2213 956 2217 —
988 2188 1069 2229 sed
1102 2188 1255 2242 ipsum
1287 2189 1432 2230 etiam
1464 2189 1647 2231 dedisse
1681 2189 1808 2231 dicit.

589 2336 612 2359 1.
632 2340 787 2360 consensu
808 2335 852 2366 M,
875 2352 1041 2361 ..........
1061 2335 1091 2361 S.
1184 2338 1243 2362 1—2.
1261 2335 1386 2369 postulo
1406 2337 1481 2369 quot
1501 2336 1532 2368 S,
1556 2335 1680 2369 postulo
1700 2335 1823 2369 aliquot
1844 2336 1885 2362 M.
1975 2337 2000 2363 3.
2019 2335 2122 2369 ipsum

499 2394 555 2413 om.
575 2388 605 2413 S.
668 2388 808 2414 actorem
839 2388 914 2415 SM.
1022 2391 1046 2414 6.
1066 2387 1098 2414 in
1120 2387 1188 2421 ipso
1215 2387 1328 2415 Matris
1356 2388 1494 2422 Magnae
1524 2391 1695 2423 conspeetu
1728 2388 1788 2416 Cic.
1806 2389 1875 2415 har.
1894 2396 1975 2423 resp.
1996 2389 2043 2422 12,
2067 2389 2124 2416 24.

499 2441 559 2466 G-7.
579 2439 796 2473 Megalesibus
818 2440 1115 2473 Kiesslinq-Sehoell
1137 2441 1189 2475 (ex
1214 2441 1273 2468 Cic.
1294 2442 1312 2467 l.
1333 2441 1374 2471 1.).
1455 2444 1479 2468 8.
1501 2441 1583 2469 ludis
1603 2441 1739 2475 primum
1763 2442 1822 2469 Cic.
1879 2442 2068 2469 eonsensum
2088 2442 2120 2476 S,

500 2517 656 2537 consensu
676 2511 719 2538 M.
793 2513 816 2537 9.
836 2483 998 2538 ειίιῆαειιιῧε
1016 2513 1044 2538 S.
1059 2513 1114 2538 lae.
1128 2512 1240 2538 statuit
1253 2513 1443 2539 Markland:
1458 2512 1513 2539 ille
1528 2512 1631 2540 maior
1644 2512 1732 2540 dedit
1750 2512 1818 2545 Cia,
1836 2512 1892 2540 ille
1906 2512 2009 2540 maior
2022 2511 2120 2544 dedit,

500 2563 685 2590 Fenestella
704 2570 827 2597 quoque
849 2571 868 2591 a
887 2546 1035 2598 Scipione
1055 2563 1209 2592 Africano
1230 2563 1262 2591 II
1282 2565 1419 2598 Madviq.
1475 2565 1619 2593 collaP1.
1693 2569 1734 2592 11.
1753 2565 1919 2593 mensione
1935 2567 1962 2593 S.
2016 2572 2124 2599 mega-

499 2616 636 2643 lensium
657 2617 701 2644 M.
756 2624 809 2644 cos
829 2618 872 2645 M.
958 2619 999 2645 13.
1019 2624 1076 2644 nos
1095 2618 1144 2645 P1.
1235 2620 1276 2646 14.
1296 2622 1416 2656 nostrae
1436 2619 1485 2646 ius
1504 2620 1534 2646 S.
1590 2620 1638 2646 est
1658 2619 1778 2652 Baiter,
1802 2621 1888 2646 esset
1911 2619 1941 2646 C.
2022 2620 2064 2646 17.
2083 2617 2122 2646 de

500 2669 809 2703 Kiessliny—Schoell‚
832 2678 889 2697 om.
914 2672 943 2698 G.
1052 2673 1093 2698 20.
1114 2673 1221 2704 posset
1243 2652 1478 2705 Orelii,·'1iossit
1502 2673 1531 2699 (⁷).
1594 2671 1715 2699 elevari
1744 2672 1913 2705 Beraldus,
1946 2671 2068 2699 elabari
2092 2671 2123 2699 0.

501 2725 541 2749 22.
562 2722 601 2749 ad
622 2722 802 2756 aruspicum
822 2723 1040 2758 respondendo
1062 2725 1090 2750 S.
1163 2726 1205 2751 23.
1225 2724 1436 2751 obediendum
1457 2726 1499 2752 M.
1573 2727 1615 2752 24.
1635 2724 1724 2752 illam
1745 2726 1821 2752 SM.

549 2858 567 2891 1
596 2860 682 2902 post
707 2858 854 2902 aliquot
881 2869 1023 2894 annos:
1050 2869 1082 2893 a.
1110 2859 1165 2894 56.

2163 1041 2210 1076 10

2163 1425 2209 1461 15

2162 1810 2209 1845 20

2160 2193 2207 2230 25
