2300 3528
405 420 504 456 470

407 1478 451 1513 41
466 1478 498 1514 S

368 1525 414 1560 42
429 1526 497 1560 KS

399 1880 492 1915 4813

536 239 581 278 52
1225 238 1472 279 ASCONIVS
1530 273 1545 277 ,

537 339 846 381 occideretur.
908 338 1158 393 Pompeius
1198 339 1356 381 statim
1378 339 1570 380 domum
1601 339 1743 384 rediit
1774 339 1821 382 et
1850 350 1912 381 ex
1943 350 1998 380 eo
2029 335 2156 380 domi

534 427 582 457 se
614 416 778 457 tenuit.
842 416 1055 457 obsessus
1096 418 1166 457 est
1196 415 1338 457 etiam
1377 428 1405 457 a
1436 415 1605 457 liberto
1647 414 1797 459 Clodii
1827 415 2074 468 Damione,
2106 415 2160 457 ut

535 504 596 534 ex
626 492 756 534 Actis
789 492 890 534 eius
922 493 1042 534 cmm
1073 493 1287 546 cognovi,
1315 492 1364 534 in
1395 492 1566 546 quibus
1590 492 1677 534 XV
1703 492 1806 534 Kal.
1829 491 1952 546 Sept.
1985 491 2036 534 L.
2059 490 2156 534 -No-

534 569 640 611 vius
667 571 722 610 tr.
746 569 822 623 pl.,
850 569 1033 623 collega
1059 568 1223 622 Clodii,
1247 581 1356 611 cum
1381 568 1551 611 Damio
1577 569 1830 612 adversum
1863 568 1913 611 L.
1935 568 2156 611 Flavium

533 648 802 700 praetorem
835 647 1098 700 appellaret
1129 646 1342 687 tribunos
1373 649 1420 687 et
1444 646 1623 688 tribuni
1649 646 1708 688 de
1735 645 2050 700 appellatione
2081 656 2155 687 co—

533 725 827 777 gnoscerent,
879 723 945 764 ita
995 723 1278 765 sententiam
1325 723 1474 765 dixit:
1549 725 1602 764 et
1661 723 1762 764 hoc
1828 722 2156 777 apparitore

532 799 585 841 P.
627 798 806 841 Clodii
858 799 1213 852 vulneratus
1258 811 1403 853 sum,
1452 802 1508 841 et
1547 799 1868 841 hominibus
1918 798 2157 841 armatis

531 876 838 930 praesidiis
869 876 1172 930 dispositis
1203 889 1232 918 a
1257 888 1318 918 re
1346 889 1394 930 p.
1422 879 1670 918 remotus
1697 873 1869 932 {[sum]]
1896 874 1984 918 Cn.
2010 875 2155 918 Pom-

531 953 694 1006 peius
741 953 1140 1006 obsessusque
1195 955 1303 995 est:
1351 965 1478 994 cum
1522 953 1818 1007 appeller,
1865 964 1971 994 11011
2017 954 2156 995 utar

531 1030 660 1071 eius
717 1030 985 1083 exemplo
1037 1042 1207 1083 quem
1260 1029 1554 1084 vitupero,
1608 1031 1664 1071 et
1713 1028 1988 1071 iudicium
2044 1028 2162 1071 tolae

531 1106 673 1160 lam,
707 1108 753 1147 et
785 1106 970 1160 reliqua
1001 1106 1059 1148 de
1091 1106 1440 1148 intercessione.

618 1182 775 1224 Haec
807 1182 963 1224 viam
999 1182 1261 1236 Appiam,
1300 1185 1722 1224 monumentum
1763 1182 2008 1226 nominis
2041 1181 2154 1234 sui,

530 1271 669 1301 nece
701 1259 892 1313 Papiri
926 1259 1286 1301 cruentavit.

619 1337 870 1391 Pompeius
902 1338 1005 1390 post
1035 1336 1329 1390 triumphum
1355 1336 1728 1378 Mithridaticum
1753 1336 1972 1390 Tigranis
2002 1334 2163 1378 filium-

531 1414 580 1456 in
606 1414 787 1457 catenis
809 1414 1091 1468 deposuerat
1111 1413 1237 1467 apud
1260 1414 1308 1455 L.
1327 1413 1547 1456 Flavium
1570 1416 1854 1455 senatorem:
1887 1414 1969 1468 qui
1993 1415 2156 1469 postea

530 1502 639 1533 cum
672 1492 794 1531 esset
823 1492 1014 1544 praetor
1044 1489 1209 1531 eodem
1242 1501 1365 1530 anno
1397 1501 1489 1543 quo
1521 1491 1576 1531 tr.
1604 1489 1665 1543 pl.
1693 1488 1895 1543 Clodius,
1927 1489 2065 1543 petiit
2094 1489 2154 1531 ab

530 1579 584 1609 eo
617 1565 807 1609 Clodius
838 1578 980 1620 super
1005 1578 1172 1607 cenam
1201 1568 1251 1607 ut
1272 1565 1526 1619 Tigranem
1549 1566 1721 1608 adduci
1743 1566 1942 1620 iuberet,
1965 1567 2021 1608 ut
2044 1577 2154 1608 eum

528 1644 726 1686 videret.
808 1643 1064 1684 adductum
1107 1642 1359 1684 collocavit
1404 1642 1454 1684 in
1500 1642 1789 1696 convivium,
1837 1642 1948 1685 dein
1987 1641 2154 1685 Flavio

529 1733 622 1762 non
645 1720 851 1762 reddidit
871 1720 1147 1774 Tigranem3
1175 1720 1367 1761 domum
1390 1719 1518 1761 misit
1538 1722 1585 1761 et
1610 1719 1777 1761 habuit
1801 1722 1938 1762 extra
1963 1721 2155 1762 catenas

529 1809 618 1839 nec
650 1797 882 1852 repetenti
913 1797 1134 1851 Pompeio
1173 1796 1390 1838 reddidit.
1453 1799 1614 1851 postea
1644 1797 1694 1838 in
1726 1809 1900 1839 navem
1926 1796 2153 1852 deposuit,

529 1876 705 1916 etcum
737 1874 1010 1928 profugeret
1031 1873 1124 1927 ille,
1148 1875 1425 1927 tempestate
1458 1873 1642 1915 delatus
1673 1875 1743 1915 est
1772 1873 1981 1916 Antium.
2043 1872 2153 1915 inde

531 1954 580 1992 ut
611 1951 928 1992 deduceretur
959 1950 1017 1991 ad
1058 1962 1120 2003 se,
1155 1948 1344 1991 Clodius
1385 1948 1490 1991 Sex.
1529 1948 1760 2003 Clodium,
1793 1950 1852 1992 de
1889 1961 1981 2004 quo
2011 1960 2155 2004 supra

618 2093 677 2118 1-2.
697 2093 729 2117 et
748 2098 787 2118 ex
807 2097 844 2118 eo
865 2090 950 2118 domi
970 2097 1004 2118 se
1026 2089 1128 2118 tenuit
1152 2090 1281 2122 Rinkes,
1314 2097 1353 2116 ex
1382 2089 1493 2117 eodem
1523 2088 1628 2117 tenuis
1652 2089 1683 2122 C,
1717 2096 1756 2116 ex
1784 2096 1822 2117 eo
1850 2088 2031 2117 domiteniis
2057 2089 2155 2123 Pmy.²¹

528 2145 552 2170 3.
573 2143 648 2170 anni
669 2143 790 2177 Baiter,
814 2151 870 2170 om.
894 2144 924 2170 C.
1013 2146 1038 2170 4.
1058 2143 1092 2170 L.
1111 2142 1422 2176 Kiessliny-Schoell‚
1445 2150 1501 2169 om.
1526 2143 1556 2204 ξ.
1645 2143 1669 2169 5.
1688 2150 1733 2176 pr.
1751 2143 1786 2176 P,
1810 2141 1881 2177 §tor
1899 2141 1936 2177 ᾗι·
1954 2142 1985 2170 S.
2047 2141 2154 2176 appel-

528 2213 612 2241 laret
630 2214 725 2246 lunt„
748 2213 994 2247 appellaverunt
1013 2214 1055 2246 S¹‚
1079 2212 1281 2248 appellarent
1305 2214 1335 2241 0.
1407 2215 1432 2240 7.
1452 2212 1548 2253 clodii
1569 2214 1604 2246 P,
1628 2212 1732 2240 clodio
1752 2213 1826 2240 SM.
1903 2215 1928 2240 8.
1948 2219 2017 2240 sum
2042 2213 2073 2246 0,
2096 2212 2170 2250 del.>

528 2267 837 2301 Kiessliny-Sehoell.
927 2269 952 2294 9.
972 2266 1183 2300 obsessusque
1202 2266 1514 2300 Kiessliny-Schoell,
1547 2266 1695 2294 obsessus
1718 2267 1748 2294 C.
1838 2268 1880 2293 14.
1899 2265 2153 2294 Mithridaticum

527 2321 673 2355 Poyfius,
697 2320 950 2348 Mithridaticum
971 2328 1042 2348 cum
1068 2321 1097 2348 C.
1160 2319 1297 2354 triganis
1318 2321 1347 2347 S.
1437 2321 1479 2346 15.
1499 2319 1690 2353 deposuerat
1709 2319 1788 2352 Διά,
1811 2319 2012 2354 disposuerat
2034 2320 2065 2348 C.
2117 2319 2155 2352 1..

1939 2362 1956 2382 e

527 2391 837 2424 Kiessliny-Schoell‚
856 2397 912 2417 om.
931 2390 960 2417 C.
1015 2390 1240 2424 imperatorem
1260 2391 1290 2418 S.
1399 2392 1441 2418 16.
1460 2389 1554 2424 petiit
1570 2398 1602 2424 p,
1624 2389 1706 2424 petit
1726 2390 1756 2418 G.
1858 2392 1900 2418 17.
1919 2397 2031 2429 canam
2044 2391 2080 2425 P,
2103 2397 2155 2419 ea-

527 2451 600 2470 1111111
621 2445 664 2475 111,
688 2443 769 2471 οαῆα
788 2445 818 2470 S.
873 2442 1032 2477 triganem
1054 2444 1083 2476 S,
1109 2443 1259 2477 triganen
1279 2444 1322 2470 M.
1376 2445 1411 2470 ut
1431 2451 1501 2470 cum
1522 2444 1551 2471 S.
1632 2445 1674 2470 18.
1692 2442 1824 2470 flavium
1843 2444 1917 2471 SM.
1990 2446 2032 2472 19.
2051 2442 2154 2485 reddi-

528 2496 574 2524 dit
593 2498 627 2529 P,
652 2496 756 2523 reddit
774 2497 848 2523 SJI.
905 2495 1029 2530 tigrane
1044 2495 1076 2528 P,
1100 2495 1259 2530 triganem
1274 2497 1304 2528 S,
1327 2503 1346 2523 a
1366 2496 1493 2530 trigane
1507 2497 1550 2523 M.
1606 2495 1731 2523 domum
1751 2495 1840 2523 misit
1863 2496 1964 2530 Clark,
1982 2496 2106 2525 dimisit
2122 2497 2152 2524 C.

528 2551 659 2576 catenas
680 2550 722 2576 S'2.
812 2551 854 2575 20.
874 2548 1030 2582 repetenti
1050 2556 1080 2583 p,
1114 2550 1277 2582 repetente
1298 2549 1376 2581 PM,
1410 2550 1539 2582 repente
1560 2549 1591 2575 S.
1681 2550 1723 2575 21.
1742 2547 1874 2575 Antium
1894 2549 2059 2582 Hotoman,
2085 2550 2152 2576 tan-

528 2605 593 2630 tum
619 2603 649 2630 C.
704 2601 777 2629 inde
799 2602 920 2635 Baiter,
942 2602 999 2629 ille
1023 2602 1053 2629 C.
1126 2604 1168 2629 22.
1189 2601 1259 2629 Sex.
1280 2602 1359 2634 PM,
1383 2603 1480 2629 set.S.

576 2721 593 2754 1
623 2720 726 2754 domi
761 2730 803 2754 se
837 2720 982 2754 tenuit:
1021 2719 1120 2755 Cic.
1148 2730 1189 2764 p.
1225 2719 1303 2754 red.
1378 2719 1627 2754 thridaticum
1668 2719 1853 2764 Tigranis
1895 2719 2015 2755 filium
2053 2722 2151 2755 ete:

527 2780 578 2814 ad
607 2780 713 2820 Quir.
748 2779 781 2823 6,
808 2779 874 2823 143
908 2790 949 2823 p.
976 2790 1007 2813 r.
1034 2780 1077 2812 in
1101 2788 1178 2813 sen.
1205 2778 1238 2822 2,
1264 2779 1304 2823 43
1377 2789 1410 2813 a.
1438 2779 1499 2814 61:
1525 2778 1611 2812 Dio
1638 2777 1844 2813 XXXVIII
1869 2779 1926 2823 30,
1948 2779 2035 2823 1-2;
2060 2778 2149 2814 Cic.

527 2838 572 2872 de
600 2838 700 2872 dom.
727 2838 783 2882 25,
810 2838 879 2882 673
916 2837 961 2871 de
994 2838 1080 2871 har.
1115 2847 1212 2881 resp.
1247 2837 1303 2881 23,
1376 2837 1428 2871 ad
1455 2837 1533 2871 Att.
1570 2836 1629 2871 III
1654 2836 1687 2881 8,
1719 2837 1760 2881 33
1797 2837 1843 2872 de
1878 2837 1978 2873 dom.
2005 2838 2061 2883 25,
2086 2837 2150 2883 663

528 2897 589 2941 493
610 2907 685 2941 pro
711 2896 804 2931 Sest.
831 2896 886 2940 39,
913 2896 969 2931 84.
1376 2895 1499 2930 Plut.
1539 2896 1672 2940 Pomp.
1700 2895 1765 2940 483
1801 2897 1916 2931 schol.
1943 2897 2034 2932 Bob.
2063 2897 2148 2932 Mil.

577 2956 619 2990 14
646 2955 854 2999 Pompeius
874 2958 960 2999 post
979 2955 1215 2999 triumphum
1236 2954 1303 2988 Mi·
1376 2955 1431 2989 17.

2192 1036 2239 1073 10

2192 1422 2238 1457 15
