2300 3528
393 1143 437 1175 (52
452 1143 481 1176 δ

383 1717 429 1751 80
443 1716 478 1751 B

352 1795 393 1829 71
411 1795 480 1829 ΚΒ

385 2093 482 2128 800

518 228 563 262 86
1206 225 1453 263 ASCONIVS

518 322 729 364 bilitati
776 322 1145 376 perinvisum,
1195 321 1286 364 Cn.
1334 322 1670 378 Pompeium,
1714 337 1956 366 causam
2002 324 2139 380 lege

518 398 686 440 Varia
717 398 782 440 de
815 399 1106 440 maiestate
1138 399 1367 441 dixisse.

605 475 663 517 M.
689 475 902 517 Plautius
923 475 1143 518 Silvanus
1166 478 1221 518 tr.
1245 477 1320 530 pL,
1345 475 1426 518 011.
1449 476 1670 531 Pompeio
1692 477 1934 531 Strabone,
1957 477 2006 519 L.
2030 477 2139 520 Por-

518 552 590 594 cio
623 550 798 594 Catone
831 564 959 606 coss„
992 553 1198 595 secundo
1235 565 1358 594 anno
1400 553 1513 596 belli
1556 554 1723 608 Italici,
1766 566 1875 596 cum
1921 555 2141 608 equester

519 629 631 670 ordo
664 629 712 669 in
746 629 934 670 iudiciis
966 629 1303 682 dominaretur,
1326 630 1482 683 legem
1515 630 1623 672 tulit
1644 630 1979 672 adiuvantibus
2008 630 2140 674 nobi-

518 706 663 758 libus3
697 718 817 760 quae
840 706 919 747 lex
941 706 1039 747 vim
1063 718 1167 747 eam
1191 706 1358 747 habuit
1379 718 1520 760 quam
1554 706 1718 749 Cicero
1750 707 2006 761 significat:
2027 719 2139 750 nam

519 795 578 824 ex
611 795 667 824 ea
699 783 803 836 lege
837 783 987 824 tribus
1019 783 1234 836 singulae
1267 795 1326 824 ex
1358 795 1440 824 suo
1467 795 1666 826 numero
1691 784 1858 838 quinos
1882 784 2027 826 denos
2046 783 2138 826 suf-

518 859 669 913 fragio
702 859 941 912 creabant,
975 859 1055 913 qui
1088 871 1142 900 eo
1176 871 1297 900 anno
1331 859 1609 901 iudicarent.
1684 872 1744 902 ex
1776 872 1830 902 eo
1863 860 2039 902 factum
2071 862 2141 903 est

519 939 569 978 ut
599 939 838 979 senatores
877 949 1063 990 quoque
1095 936 1143 977 in
1177 948 1230 977 eo
1263 948 1460 978 numero
1493 939 1659 990 essent,
1693 939 1740 979 et
1770 937 1963 991 quidam
1995 937 2138 980 etiam

517 1026 577 1055 ex
609 1014 712 1068 ipsa
742 1013 893 1068 plebe.

1054 1130 1169 1174 PRO
1202 1130 1503 1175 CORNELIO
1537 1133 1561 1173 I
1564 1133 1596 1174 I.

604 1244 737 1286 Num
780 1245 835 1286 in
879 1257 959 1298 eo,
1003 1244 1095 1297 qui
1138 1244 1248 1286 sint
1288 1244 1342 1285 hi
1386 1246 1574 1298 testes,
1618 1244 1945 1287 haesitatis?
2034 1258 2138 1300 ego

517 1322 676 1363 vobis
708 1322 882 1363 edam.
960 1322 1061 1362 duo
1095 1321 1302 1374 reliqui
1336 1323 1461 1362 sunt
1493 1321 1557 1362 de
1589 1322 1999 1376 consularibus,
2032 1321 2137 1365 ini-

516 1398 645 1439 mici
680 1397 1023 1439 tribuniciae
1056 1397 1365 1451 potestatis.
1430 1397 1591 1451 pauci
1625 1399 1921 1451 praeterea
1952 1398 2137 1442 adsen-

517 1478 724 1516 tatores
757 1487 942 1516 eorum
976 1477 1141 1528 atque
1174 1474 1470 1516 adseculae
1503 1475 1930 1528 subsequuntur.

605 1551 661 1592 M.
695 1551 945 1594 Lucullum
980 1554 1026 1592 et
1057 1550 1128 1591 Μ’.
1162 1550 1391 1604 Lepidum
1434 1550 1679 1604 significat.
1762 1551 1970 1605 quinque
2011 1552 2137 1594 enim

516 1627 799 1680 consulares,
824 1631 874 1668 ut
906 1627 999 1668 iam
1034 1627 1253 1679 diximus,
1277 1627 1325 1668 in
1352 1625 1623 1668 Cornelium
1656 1627 1975 1669 testimonium
2007 1628 2136 1670 dixe—

516 1707 647 1746 runt:
682 1703 735 1756 Q.
770 1703 975 1757 Catulus,
1009 1703 1062 1756 Q.
1092 1704 1381 1757 Hortensius,
1405 1703 1458 1756 Q.
1482 1704 1697 1753 Metellus
1718 1704 1828 1746 Pius
1849 1707 1973 1758 pont.
1996 1716 2136 1759 max„

516 1794 630 1835 quos
652 1781 742 1823 hac
764 1781 972 1823 secunda
994 1781 1215 1822 oratione
1237 1784 1421 1834 tractat,
1449 1783 1495 1822 et
1526 1781 1618 1822 duo
1650 1781 1731 1835 qui
1764 1780 1975 1824 nondum
2006 1781 2135 1824 dixe-

516 1861 634 1912 rant,
668 1870 783 1912 quos
815 1870 941 1899 nunc
973 1857 1219 1911 significat,
1252 1857 1478 1899 Lucullus
1509 1860 1556 1899 et
1585 1857 1803 1912 Lepidus.

604 1934 783 1987 Quid?
816 1935 1130 1977 avunculus
1162 1937 1287 1976 tuus
1318 1934 1666 1976 clarissimus
1692 1935 1798 1987 vir,
1826 1935 2136 1977 clarissimo

515 2015 677 2066 patre
709 2024 812 2054 avo
845 2011 1170 2063 maioribus,
1205 2011 1389 2065 credo,
1429 2011 1677 2064 silentio,
1721 2012 1944 2054 favente
1984 2011 2135 2053 nobi-

515 2089 698 2142 litate,
732 2089 884 2130 nullo
917 2088 1292 2130 intercessore
1325 2091 1641 2142 comparato
1674 2088 1872 2142 populo
1904 2088 1958 2130 R.
1986 2088 2138 2130 dedit

515 2169 567 2207 et
598 2165 1112 2220 potentissimorum
1145 2165 1425 2206 hominum
1459 2165 1720 2218 collegiis
1752 2164 1960 2219 eripuit
1985 2176 2134 2220 coop-

515 2243 804 2284 tandorum
838 2243 1189 2284 sacerdotum
1223 2242 1575 2295 potestatem!

602 2380 626 2404 1.
647 2377 829 2411 perinusmn
851 2378 923 2404 SM.
1031 2379 1056 2403 3.
1077 2376 1227 2403 Silvanus
1248 2376 1425 2407 Manutius,
1449 2375 1594 2410 syllanus
1618 2378 1647 2403 C.
1709 2375 1878 2409 Pompeius
1898 2376 1971 2402 SM.
2059 2376 2084 2402 δ.
2104 2377 2137 2402 et

514 2431 545 2457 in
568 2432 608 2457 M.
681 2433 705 2458 7.
726 2438 781 2457 suo
803 2431 973 2462 Patricius,
998 2437 1034 2457 eo
1060 2431 1088 2456 (⁷.
1162 2432 1186 2456 8.
1206 2429 1291 2457 facto
1312 2430 1397 2456 SlM.
1483 2432 1523 2455 11.
1543 2429 1604 2455 Pro
1624 2427 1770 2456 Cornelio
1791 2427 1823 2454 II
1841 2429 1960 2462 Scanyl,
1984 2428 2045 2456 Pro
2064 2427 2136 2455 Cor-

514 2484 599 2512 nelio
620 2485 642 2511 S
650 2485 684 2516 P,
705 2491 762 2511 om.
777 2485 818 2516 M,
843 2483 989 2511 Secunda
1008 2482 1063 2510 δι’-ὂ
1082 2483 1151 2510 add.
1172 2483 1266 2516 Pmyl.
1341 2483 1435 2510 14-15.
1455 2483 1671 2509 assentatores
1689 2482 1739 2514 ΡΒ,
1760 2482 1924 2508 senatores
1944 2481 2009 2514 SP,
2031 2482 2135 2509 senta-

515 2540 598 2576 tores
618 2538 659 2564 M.
759 2539 800 2563 16.
822 2536 870 2564 Μ’.
890 2536 1069 2568 Manutius,
1093 2535 1133 2562 M.
1158 2537 1187 2562 C.
1287 2537 1329 2561 17.
1349 2534 1569 2562 consulareres
1590 2535 1619 2561 S.
1718 2536 1760 2561 19.
1779 2533 1917 2562 nondum
1941 2533 2130 2567 Gronovius,

514 2598 575 2617 non
601 2591 630 2617 C.
710 2592 805 2616 19-20.
825 2589 972 2616 dixerant
992 2589 1075 2621 Rau,
1099 2588 1248 2616 dixerunt
1272 2589 1301 2616 C.
1383 2591 1425 2615 23.
1443 2588 1558 2622 populo
1577 2587 1612 2615 R.
1632 2587 1720 2614 dedit
1739 2587 1917 2619 Manutius,
1940 2586 2082 2621 proderit
2104 2587 2134 2614 C.

563 2715 578 2748 1
620 2714 686 2750 011.
725 2714 953 2758 Pompeium
998 2723 1156 2747 causam
1198 2712 1288 2757 lege
1361 2712 1520 2747 bilibus:
1560 2711 1606 2746 cf.
1634 2711 1810 2746 Pseud.
1845 2711 1963 2747 Sall.
1990 2713 2033 2746 in
2061 2710 2133 2746 Cic.

513 2773 630 2808 Varia
657 2777 751 2807 etc:
778 2784 811 2807 a.
838 2774 893 2807 91.
1361 2771 1400 2816 23
1426 2770 1550 2806 Gall.
1578 2770 1673 2805 XIII
1699 2771 1732 2804 3.

561 2834 583 2866 3
609 2831 674 2867 Cn.
703 2832 890 2876 Pompeio
917 2830 1108 2866 Strabone
1133 2830 1177 2865 L.
1197 2830 1288 2865 Por·
1407 2830 1454 2865 23
1478 2829 1622 2874 populo
1660 2829 1703 2864 R.
1739 2829 1848 2864 ‘dedit
1874 2832 1971 2864 ete:
1996 2828 2132 2864 Vell.

516 2892 574 2926 cio
601 2891 749 2927 Catone
777 2901 890 2925 coss:
917 2901 949 2924 a.
977 2890 1032 2924 89.
1361 2889 1464 2924 Pat.
1491 2889 1528 2924 11
1555 2889 1615 2933 133
1642 2887 1740 2923 Cic.
1767 2889 1833 2934 leq.
1852 2899 1936 2934 αρν.
1961 2888 1999 2923 II
2021 2889 2052 2933 7,
2071 2887 2132 2932 18;

562 2951 629 2987 5-6
655 2951 785 2998 legem
812 2950 900 2985 tulit
925 2949 1201 2984 adiuvantibus
1222 2959 1287 2984 no·
1361 2948 1447 2983 Dio
1474 2947 1660 2983 XXXVII
1685 2948 1747 2992 373
1773 2946 1910 2982 Suet.
1935 2947 2027 2983 Ner.
2052 2946 2085 2982 2.

2177 642 2200 678 5

2177 1023 2222 1060 10

2177 1484 2221 1520 15

2173 1869 2220 1904 20

2173 2251 2219 2287 25
