2300 3528
40 1179 124 1216 x·10

79 1567 125 1604 15

80 2427 127 2464 25

766 253 820 290 IN
849 253 1185 290 MILONIANAM
1755 254 1799 290 47

806 387 1156 431 ENARRATIO

715 464 881 508 VERS.
915 465 954 507 A
987 463 1175 507 PRIMO
1208 465 1245 506 L

250 573 296 626 (ξ
327 572 388 626 3.)
437 572 618 615 Unum
671 585 844 628 genus
894 576 981 615 est
1027 573 1346 615 adversum
1399 573 1802 627 infestumque
1840 578 1971 614 37KS

159 649 335 693 nobis
361 652 409 692 et
440 652 614 693 cetera.

248 727 322 771 Ita
354 730 406 770 ut
436 727 486 770 in
519 740 692 770 causae
723 728 1030 783 Expositione
1072 728 1294 782 diximus,
1328 728 1568 770 Munatius
1599 728 1803 770 Plancus
1839 734 1885 769 43
1904 735 1939 769 Β

159 804 314 860 pridie
346 817 432 861 pro
472 806 692 848 contione
725 806 952 861 populum
999 806 1277 848 adhortatus
1317 808 1421 848 erat
1458 818 1517 848 ne
1558 808 1804 860 pateretur

159 882 286 926 elabi
316 883 556 926 Milonem.

711 991 845 1034 VER.
879 991 919 1033 A
951 990 1140 1035 PRIMO
1173 990 1247 1034 CO

253 1100 298 1153 (ἓ
333 1099 419 1152 12.)
453 1098 776 1153 Declarant
812 1099 983 1142 huius
1020 1100 1273 1142 ambusti
1317 1103 1390 1142 tr.
1430 1101 1503 1155 pl.
1549 1101 1683 1142 illae
1714 1100 1802 1143 in-

162 1178 534 1221 termortuae
572 1177 905 1232 contiones,
954 1178 1161 1232 quibus
1208 1179 1442 1221 cotidie
1481 1191 1661 1221 meam
1706 1192 1803 1234 po-

163 1255 412 1298 tentiam
454 1255 766 1298 invidiose
810 1256 1284 1298 criminabatur.

249 1333 301 1376 T.
335 1333 576 1376 Munatius
607 1333 812 1376 Plancus
834 1337 882 1376 et
903 1333 957 1387 Q.
975 1334 1228 1389 Pompeius
1251 1335 1399 1377 Rufus
1432 1335 1611 1377 tribuni
1645 1336 1722 1390 pL,
1745 1336 1804 1377 de

162 1410 336 1466 quibus
366 1411 420 1454 in
451 1411 749 1466 Argumento
787 1411 928 1454 huius
968 1411 1194 1454 orationis
1240 1412 1462 1466 diximus,
1496 1425 1606 1454 cum
1639 1416 1805 1455 contra

161 1488 386 1541 Milonem
418 1488 628 1545 Scipioni
669 1492 717 1532 et
759 1490 981 1544 Hypsaeo
1014 1491 1274 1544 studerent,
1318 1492 1576 1534 contionati
1609 1495 1719 1534 sunt
1750 1504 1805 1534 eo

162 1567 263 1623 ipso
284 1569 499 1623 tempore
520 1568 806 1623 plebemque
829 1568 878 1610 in
900 1567 1124 1610 Milonem
1148 1570 1473 1612 accenderunt
1494 1582 1587 1624 quo
1614 1573 1807 1625 propter

162 1643 316 1688 Clodii
348 1657 520 1700 corpus
551 1645 687 1688 curia
718 1646 914 1688 incensa
946 1649 1028 1701 est,
1062 1659 1152 1689 nec
1183 1647 1316 1701 prius
1347 1647 1631 1690 destiterunt
1662 1660 1805 1703 quam

163 1722 359 1765 flamma
402 1723 506 1766 eius
536 1723 748 1765 incendii
793 1723 942 1778 fugati
985 1727 1094 1766 sunt
1126 1736 1151 1766 e
1193 1725 1426 1766 contione.
1508 1728 1646 1767 erant
1677 1726 1803 1767 enim

163 1802 278 1842 tunc
309 1799 478 1843 Rostra
503 1812 604 1842 non
637 1812 692 1842 eo
737 1800 839 1842 loco
881 1813 974 1855 quo
1018 1814 1147 1844 nunc
1179 1804 1301 1856 sunt,
1334 1803 1416 1844 sed
1450 1803 1509 1844 ad
1543 1804 1804 1856 comitium,

162 1888 310 1933 prope
347 1877 512 1920 iuncta
558 1877 736 1920 curiae.
830 1878 888 1920 ob
936 1877 1026 1920 hoc
1067 1878 1116 1920 T.
1158 1879 1423 1921 Munatium
1472 1881 1804 1922 ambustum

162 1954 450 1998 tribunum
484 1955 717 2010 appellat;
752 1955 841 1997 fuit
873 1958 1032 1998 autem
1065 1960 1260 2011 paratus
1292 1957 1351 1999 ad
1385 1957 1655 2000 dicendum.

789 2080 991 2124 PAVLO
1023 2080 1172 2125 POST
1845 2089 1892 2125 38
1911 2089 1942 2124 S

255 2191 300 2244 (ξ
335 2189 422 2244 13.)
456 2187 576 2232 Cur
619 2189 808 2243 igitur
849 2189 1208 2232 incendium
1250 2191 1468 2246 curiae,
1509 2204 1805 2247 oppugna—

164 2267 400 2310 tionem
443 2267 684 2310 aedium
731 2266 794 2308 M.
838 2267 1070 2322 Lepidi,
1123 2269 1366 2311 caedem
1414 2269 1564 2312 hanc
1614 2271 1806 2326 ipsam
1844 2275 1943 2311 430

165 2347 360 2388 contra
392 2357 506 2388 rem
538 2358 588 2400 p.
621 2347 853 2387 senatus
885 2345 1093 2388 factam
1127 2358 1245 2388 esse
1273 2347 1578 2390 decrevit?

253 2421 362 2465 Post
381 2422 581 2465 biduum
605 2422 816 2464 medium
845 2435 988 2476 quam
1017 2421 1209 2466 Clodius
1234 2424 1417 2467 occisus
1443 2429 1559 2479 erat,
1593 2426 1807 2469 interrex

164 2499 348 2556 primus
378 2500 593 2556 proditus
625 2502 695 2542 est
725 2500 784 2542 M.
818 2499 1051 2543 Aemilius
1090 2500 1310 2556 Lepidus.
1394 2515 1486 2545 non
1532 2503 1621 2546 fuit
1646 2507 1806 2547 autem

255 2614 315 2640 1-2.
335 2619 393 2639 om.
413 2613 455 2640 M.
545 2614 570 2640 5.
591 2619 708 2640 causae
731 2612 869 2646 Madviq,
899 2619 938 2640 ea
962 2613 992 2640 C.
1083 2615 1108 2640 8.
1128 2621 1184 2640 om.
1205 2614 1248 2641 M.
1340 2616 1364 2641 9.
1384 2614 1533 2642 ambusta
1552 2616 1581 2642 S.
1673 2618 1714 2643 10.
1734 2623 1809 2650 quo-

165 2665 251 2695 tidie>
268 2666 299 2695 C.
407 2667 451 2694 18.
470 2665 503 2693 in
523 2666 705 2699 Manutius,
738 2674 794 2693 om.
826 2667 855 2694 C.
965 2667 1007 2694 15.
1027 2666 1242 2695 accenderent
1263 2669 1292 2694 S.
1360 2675 1421 2702 quo
1451 2669 1632 2701 Manutius,
1665 2670 1747 2703 quod
1779 2672 1808 2698 C.

166 2722 209 2747 16.
228 2722 279 2748 est
297 2719 476 2752 Manutius,
508 2722 594 2748 esset
618 2721 648 2747 C.
717 2719 913 2748 ‹lesisterunt
940 2720 1014 2748 SM.
1123 2723 1166 2748 21.
1186 2729 1244 2748 om.
1268 2722 1309 2748 M.
1420 2724 1461 2748 22.
1483 2729 1539 2749 cur
1558 2723 1586 2749 P
1595 2724 1637 2755 Μ,
1670 2723 1759 2751 curia
1780 2726 1808 2751 S.

165 2775 209 2802 28.
229 2773 342 2802 aedem
362 2772 445 2801 hanc
466 2774 495 2800 S.

214 2881 237 2917 9
262 2880 477 2916 Declarant
510 2885 602 2917 etc.:
636 2882 713 2917 sch.
740 2882 831 2916 Bob.
862 2882 948 2917 Mil.
1024 2882 1120 2918 XIII
1149 2883 1203 2928 12,
1225 2883 1281 2920 27.

167 2941 223 2976 12.
1070 2942 1116 2979 22
1141 2942 1220 2978 Cur
1244 2944 1366 2989 igitur
1393 2948 1485 2980 etc.:
1507 2946 1583 2980 sch.
1608 2945 1698 2980 1501).
1723 2946 1806 2980 Mil.

216 3000 261 3036 16
289 3001 398 3036 curia
423 3001 586 3036 incensa
612 3005 690 3037 est:
718 3001 813 3038 Cic.
847 3002 948 3037 Phil.
1024 3002 1079 3037 13.
