2300 3528
355 415 431 451 80

359 1193 434 1228 913

357 1512 450 1548 168

356 1667 378 1701 8
395 1666 462 1707 KS

498 275 544 310 10
1182 270 1346 308 ASCON
1348 270 1429 307 IVS

1114 408 1314 452 PAVLO
1355 408 1502 452 POST

587 507 630 558 (ξ
653 503 718 563 9.)
749 505 891 559 Ergo
923 505 1005 547 his
1037 503 1415 546 fundamentis
1446 503 1643 558 positis
1668 504 1990 546 consulatus
2020 502 2120 557 tui,

497 583 683 625 triduo
723 585 861 637 post,
895 569 1243 636 inspectante
1285 584 1337 623 te
1384 583 1438 623 et
1469 583 1710 635 tacente,
1744 593 1772 622 a
1798 580 1959 623 fatali
1998 591 2119 635 por-

497 662 649 702 tento
671 659 1038 714 prodigioque
1066 659 1147 700 rei
1170 671 1218 713 p.
1246 659 1337 700 lex
1357 658 1519 700 Aelia
1540 660 1593 700 et
1613 657 1775 700 Fufia
1801 669 2000 700 eversa
2021 658 2120 712 est,

497 737 917 791 propugnacula
939 736 1191 790 murique
1214 735 1648 789 tranquillitatis
1670 738 1834 789 atque
1861 734 1981 787 otii3
2009 734 2119 777 col-

498 814 646 867 legia
667 826 771 855 non
794 825 858 855 ea
878 813 1064 867 solum,
1088 825 1228 866 quae
1249 815 1474 854 senatus
1499 813 1819 866 sustulerat,
1843 811 2119 865 restituta,

496 891 590 933 sed
622 890 1062 932 innumerabilia
1098 890 1365 944 quaedam
1407 902 1474 932 ex
1505 890 1653 931 omni
1686 890 1840 931 faece
1873 889 2028 931 urbis
2058 901 2122 931 ac

497 968 733 1010 servitio
760 967 1060 1009 concitata.
1109 967 1173 1009 ab
1197 967 1386 1009 eodem
1408 967 1629 1009 homine
1652 967 1707 1008 in
1729 967 1939 1021 stupris
1970 966 2120 1008 inau-

497 1045 630 1086 ditis
661 1045 1010 1098 nefariisque
1043 1047 1265 1087 versato
1291 1047 1451 1086 vetus
1474 1045 1576 1086 illa
1598 1043 2122 1098 magistrapudoris

497 1125 550 1163 et
581 1121 902 1176 modestiae,
936 1133 1189 1175 censura,
1223 1121 1442 1163 sublata
1474 1124 1572 1163 est.

583 1198 804 1240 Diximus
846 1198 896 1240 L.
935 1198 1102 1240 Pisone
1143 1198 1196 1240 A.
1238 1197 1437 1240 Gabinio
1476 1210 1589 1240 coss.
1632 1198 1680 1240 P.
1720 1197 1936 1240 Clodium
1968 1199 2025 1240 tr.
2057 1197 2120 1252 pl.

495 1278 718 1330 quattuor
748 1276 877 1330 leges
906 1276 1195 1330 perniciosas
1226 1276 1396 1329 populo
1417 1275 1467 1317 R.
1495 1275 1682 1317 tulisse:
1715 1274 2040 1329 annonariam,
2061 1273 2120 1316 de

496 1365 590 1407 qua
610 1351 775 1395 Cicero
795 1353 1083 1394 mentionem
1105 1352 1195 1394 hoc
1216 1352 1318 1394 loeo
1351 1350 1444 1394 non
1466 1352 1581 1394 fac-it
1610 1377 1651 1381 -
1675 1351 1764 1393 fuit
1789 1351 1916 1394 enim
1937 1362 2121 1393 summe

496 1429 737 1484 popularis
758 1454 816 1459 ——
839 1432 889 1471 ut
920 1429 1210 1471 frumentum
1242 1429 1427 1483 populo,
1451 1428 1575 1482 quod
1597 1431 1739 1470 antea
1763 1428 1888 1470 senis
1919 1427 2044 1470 aeris
2064 1438 2122 1470 ac

497 1506 748 1548 trientibus
769 1506 818 1548 in
839 1506 1048 1559 singulos
1069 1505 1248 1547 modios
1267 1505 1482 1559 dabatur,
1500 1505 1648 1559 gratis
1669 1505 1884 1547 daretur:
1906 1505 2122 1557 alteram,

497 1595 557 1625 ne
583 1583 688 1637 quis
709 1595 794 1638 per
815 1595 893 1624 eos
925 1583 1038 1636 dies,
1071 1583 1242 1637 quibus
1273 1595 1381 1624 cum
1414 1583 1585 1636 populo
1608 1583 1685 1636 agi
1706 1582 1886 1636 liceret,
1909 1582 1967 1624 de
1989 1581 2121 1624 caelo

496 1662 734 1712 servaret;
767 1662 959 1714 propter
989 1671 1132 1713 quam
1159 1658 1450 1712 rogationem
1474 1659 1540 1700 ait
1560 1659 1715 1712 legem
1746 1658 1932 1700 Aeliam
1965 1660 2012 1700 et
2031 1657 2120 1700 Fu-

496 1737 620 1790 fiam,
648 1736 1004 1791 propugnacula
1026 1739 1073 1778 et
1094 1747 1252 1777 muros
1274 1736 1630 1790 tranquillitatis
1661 1738 1802 1789 atque
1834 1735 1931 1789 otii,
1954 1746 2122 1778 eversa

499 1826 622 1866 esse3
645 1839 696 1843 ——
720 1813 1013 1855 obnuntiatio
1031 1813 1158 1855 enirn
1176 1825 1271 1867 qua
1292 1812 1569 1867 perniciosis
1591 1812 1776 1866 legibus
1802 1812 2120 1865 resistebatur,

497 1903 638 1945 quam
671 1890 808 1932 Aelia
839 1891 919 1932 lex
951 1890 1329 1942 confirmaverat,
1369 1892 1472 1931 erat
1511 1890 1697 1931 sublata
1728 1901 1808 1931 —:
1842 1890 2030 1931 tertiam
2062 1889 2121 1931 de

497 1968 708 2022 collegiis
740 1967 1043 2010 restituendis
1074 1967 1302 2020 novisque
1334 1966 1648 2020 instituendis,
1684 1978 1806 2021 quae
1837 1966 1905 2008 ait
1935 1978 1995 2008 ex
2026 1977 2120 2008 ser-

495 2045 721 2088 vitiorum
755 2045 885 2087 faece
917 2044 1171 2097 concitata3
1205 2046 1437 2098 quartam,
1470 2056 1530 2085 ne
1562 2055 1703 2098 quern
1730 2055 1948 2086 censores
1978 2043 2027 2085 in
2052 2054 2120 2085 se-

586 2170 609 2194 1.
629 2174 685 2193 om.
706 2167 747 2194 M.

496 2219 580 2247 rusia
601 2221 630 2253 S,
649 2220 711 2247 elie
731 2219 816 2247 fusia
836 2221 877 2246 M.

497 2273 629 2300 servitio
650 2273 777 2300 concita
797 2274 825 2300 S.

836 2169 861 2194 3.
882 2168 914 2194 et
934 2168 1060 2194 tacente
1081 2167 1111 2193 te
1137 2165 1196 2193 Cic.
1286 2167 1311 2192 4.
1331 2164 1426 2192 Aelia
1446 2167 1477 2192 et
1496 2165 1588 2192 Fufia
1612 2165 1681 2198 Cic„
1704 2164 1791 2192 aelia
1811 2166 1843 2192 et
1861 2164 1947 2192 fusio.
1964 2166 2000 2198 P,
2016 2164 2121 2192 aeliae

949 2222 973 2246 6.
994 2219 1169 2247 sustulerat
1185 2226 1217 2253 p,
1241 2218 1359 2245 tulerat
1383 2219 1412 2246 C.
1474 2220 1498 2245 7.
1518 2218 1674 2252 quaedam
1688 2225 1772 2245 nova
1785 2225 1825 2245 ex
1843 2218 1903 2245 Cic.
1957 2220 2011 2245 7-8.
2025 2220 2120 2252 atque

907 2275 931 2300 8.
950 2272 983 2299 in
1001 2280 1033 2307 p,
1056 2274 1091 2299 ut
1114 2272 1143 2299 C.
1234 2274 1276 2298 10.
1357 2278 1492 2298 censura
1511 2272 1545 2304 P,
1569 2271 1725 2298 severitas
1748 2271 1808 2298 Cic.
1902 2274 1944 2298 11.
1962 2270 1999 2299 A.
2017 2271 2122 2299 Kiess-

498 2328 714 2361 liny-Schoell,
732 2329 764 2354 et
788 2328 818 2354 C.
891 2329 932 2354 12.
952 2325 1162 2353 annonariam
1186 2325 1350 2357 Graevius,
1374 2324 1589 2352 annonianam
1614 2325 1643 2352 C.
1727 2326 1822 2352 14—15.
1842 2332 1879 2352 ac
1899 2324 2070 2352 trientibus
2085 2333 2118 2360 p,

497 2381 707 2408 acirientibus
724 2381 800 2413 PM,
817 2388 836 2407 a
850 2379 1028 2407 §trientibus
1042 2380 1071 2406 S.
1145 2380 1186 2406 15.
1200 2378 1309 2412 gravis
1330 2379 1358 2405 S.
1431 2380 1473 2405 17.
1487 2378 1585 2405 aliam
1600 2380 1632 2405 et
1645 2377 1760 2405 fusiam
1778 2379 1853 2412 SM,
1869 2377 1953 2406 funii
1966 2380 1998 2406 et
2012 2378 2074 2406 elixi
2087 2379 2122 2406 P.

498 2437 539 2462 19.
560 2434 703 2468 pernicio
723 2435 765 2460 M.
874 2436 916 2460 21.
936 2440 1017 2466 quae
1046 2432 1093 2459 ait
1121 2439 1161 2459 ex
1189 2431 1368 2463 Manutius,
1421 2430 1481 2464 qua
1506 2431 1552 2458 ait
1571 2438 1610 2458 ex
1629 2431 1664 2463 P,
1717 2438 1811 2465 quam
1830 2432 1865 2458 ut
1883 2429 1925 2465 (et
1944 2431 1977 2465 S)
1996 2433 2028 2459 et
2048 2431 2122 2459 SM.

498 2490 539 2515 22.
559 2487 722 2515 concitata
740 2487 859 2520 Stangl,
883 2485 1089 2513 constitutam
1115 2486 1145 2512 C.

546 2588 568 2622 4
594 2588 659 2622 lex
686 2587 799 2622 Aelia
817 2590 855 2621 et
873 2586 1000 2620 Fufia:
1028 2586 1116 2620 circ.
1139 2595 1172 2619 a.
1188 2584 1276 2619 158:

500 2646 600 2682 Cic.
622 2657 698 2692 pro
725 2646 817 2681 Sest.
856 2646 911 2689 15,
938 2645 1000 2689 333
1039 2645 1094 2688 53,
1120 2644 1206 2687 1143
1231 2644 1276 2678 de

498 2707 582 2740 har.
609 2716 707 2750 resp.
734 2705 790 2750 27,
825 2705 886 2749 583
912 2706 954 2738 in
980 2704 1059 2738 Pis.
1086 2703 1118 2747 5,
1144 2702 1207 2747 1ος
1234 2704 1275 2737 in

506 2765 588 2800 Vat.
616 2765 648 2808 7,
677 2764 731 2798 18.

547 2825 586 2858 11
606 2823 648 2858 L.
661 2823 802 2857 Pisone
813 2822 858 2856 A.
872 2820 1038 2856 Gabinio
1051 2831 1160 2855 cossa
1172 2820 1274 2855 a..58.

548 2883 591 2917 12
638 2885 824 2927 quattuor
864 2881 975 2926 leges
1016 2881 1274 2924 perniciosas:

499 2942 600 2985 Epit.
631 2941 711 2974 Liv.
735 2938 987 2983 Ooeyrhynch.
1009 2938 1032 2973 l.
1052 2938 1119 2972 193
1138 2939 1187 2982 (p.
1207 2938 1274 2972 143

502 2999 735 3043 Rossbach)3
763 2998 885 3032 Plut.
910 2996 982 3032 Cic.
1005 2998 1067 3041 303
1089 2996 1182 3031 Cic.
1198 3008 1275 3041 pro

1349 2584 1442 2619 Sest.
1469 2584 1525 2629 25,
1543 2584 1588 2618 55
1613 2594 1702 2618 cum
1727 2584 1803 2618 sch.
1830 2583 1943 2628 Bob.;
1967 2585 2010 2619 in
2037 2584 2119 2620 Vat.

1348 2644 1380 2688 9,
1406 2644 1469 2688 233
1494 2643 1580 2677 Dio
1606 2642 1814 2678 XXXVIII
1839 2643 1896 2687 13,
1922 2643 1954 2678 1.
1980 2643 2012 2679 2.
2039 2643 2072 2678 6.

1395 2703 1440 2737 15
1465 2702 1626 2737 alteram
1651 2711 1702 2736 ne
1724 2702 1810 2746 quis
1836 2705 1930 2737 etc.:
1956 2701 2057 2738 Cic.
2076 2713 2119 2748 p.

1347 2762 1426 2796 red.
1445 2763 1486 2796 in
1511 2771 1590 2795 sen.
1617 2762 1648 2805 5,
1675 2761 1738 2806 113
1757 2771 1834 2806 pro
1855 2760 1948 2796 Sest.
1975 2760 2031 2806 26,
2058 2761 2120 2806 56;

1348 2821 1449 2855 Phil.
1477 2819 1515 2854 ΙΙ
1540 2819 1596 2863 32,
1623 2819 1678 2853 81.

1393 2879 1439 2914 20
1465 2879 1617 2913 tertiam
1653 2881 1743 2913 etc.:
1770 2877 1868 2913 Cic.
1895 2889 1942 2923 p.
1968 2878 2046 2913 red.
2077 2880 2118 2913 in

1345 2947 1423 2972 sen.
1452 2938 1506 2982 13,
1533 2937 1589 2971 33.

1393 2998 1439 3032 22
1465 2999 1641 3041 quartam
1669 3000 1762 3031 etc.:
1787 2996 1876 3030 Dio
1903 2996 1973 3031 XL
1998 2997 2054 3032 57.

2158 1122 2204 1157 10

2159 1506 2204 1542 15

2144 1896 2204 1932 -20
