2300 3528
379 631 424 668 59
446 632 476 668 Ο

344 683 389 719 52
407 683 476 718 ΚΒ

380 1503 423 1538 59
438 1503 474 1537 J}

384 1811 429 1846 49
449 1812 479 1846 S

509 241 554 275 64
1199 242 1362 280 ASCON
1365 243 1446 280 IVS

509 337 811 391 perturbatus
843 337 1098 380 concilium
1130 338 1319 381 dimisit
1339 340 1515 382 statim.
1579 344 1736 384 actum
1763 342 1937 384 deinde
1969 342 2136 387 eadem

509 414 567 455 de
599 426 651 455 re
683 414 733 455 in
764 416 930 456 senatu
968 417 1039 456 est
1070 416 1254 470 magnis
1286 417 1679 460 contentionibus.
1759 421 1859 461 tum
1892 418 2138 463 Cornelius

509 490 575 531 ita
607 490 732 532 ferre
765 502 927 533 rursus
959 492 1126 546 coepit,
1153 504 1212 534 ne
1239 493 1344 547 quis
1377 493 1426 534 in
1458 496 1624 536 senatu
1657 482 1842 548 iegibus
1872 495 2139 538 solveretur

509 567 599 608 nisi
632 566 705 609 CC
736 579 833 609 ozon
865 568 1026 610 minus
1063 569 1336 624 adfuissent,
1369 582 1492 612 neve
1533 571 1651 626 quis,
1689 583 1798 614 cum
1832 571 2136 626 quis'ita'so·

509 644 635 686 lutus
667 647 800 698 esset,
828 645 1160 700 intercederet,
1188 659 1296 689 cum
1322 647 1380 690 de
1408 660 1465 689 ea
1490 659 1541 690 re
1569 648 1628 690 ad
1659 649 1886 703 populum
1918 649 2136 692 ferretur.

509 721 628 762 haec
659 721 761 763 sine
792 722 999 764 tumultu
1031 734 1107 764 res
1139 725 1245 765 acta
1278 726 1359 766 est.
1423 736 1564 766 nemo
1597 724 1723 766 enim
1756 737 1932 779 negare
1954 727 2140 780 poterat

510 809 594 851 pro
630 800 821 840 senatus
860 799 1141 841 auctoritate
1182 811 1282 842 esse
1326 813 1431 842 eam
1480 801 1660 855 legem;
1708 802 1789 844 sed
1831 804 1991 845 tamen
2031 806 2137 845 eam

510 874 619 916 tulit
650 875 813 917 invitis
845 875 1162 930 optimatibus,
1195 877 1277 931 qui
1311 878 1389 920 vel
1415 889 1509 931 per
1540 890 1714 932 paucos
1742 878 1859 922 talia
1881 878 1926 922 S.
1953 878 2000 922 C.
2032 890 2136 934 gra·

511 951 681 994 tificari
714 953 938 995 solebant.
1017 954 1159 996 aliam
1199 954 1369 997 deinde
1401 955 1556 1009 legem
1590 954 1848 1010 Cornelius,
1881 955 1968 998 etsi
1999 968 2138 999 nemo

510 1041 780 1083 repugnare
812 1042 952 1072 ausus
984 1033 1067 1084 est,
1094 1020 1255 1073 multis
1278 1034 1437 1074 tamen
1469 1032 1631 1075 invitis
1662 1027 1783 1086 tulit,
1817 1034 1868 1074 ut
1898 1035 2140 1087 praetores

511 1119 571 1148 ex
603 1106 770 1148 edictis
791 1107 887 1149 suis
907 1108 1149 1163 perpetuis
1174 1109 1247 1151 ius
1270 1109 1501 1152 dicerent:
1536 1122 1657 1164 quae
1681 1122 1756 1152 res
1787 1112 2008 1153 cunctam
2033 1121 2138 1165 gra·

511 1183 625 1226 tiam
648 1184 908 1227 ambitiosis
929 1186 1238 1240 praetoribus,
1262 1187 1343 1240 qui
1365 1187 1500 1229 varie
1526 1187 1598 1229 ius
1624 1187 1784 1229 dicere
1816 1190 2137 1242 assueverant,

511 1261 709 1303 sustulit.
788 1262 906 1304 alias
947 1275 1133 1317 quoque
1174 1264 1441 1318 complures
1479 1264 1608 1318 leges
1649 1263 1897 1307 Cornelius
1931 1264 2137 1319 promul-

511 1338 657 1393 gavit,
700 1339 872 1393 quibus
918 1340 1157 1395 plerisque
1190 1341 1400 1395 collegae
1449 1341 1839 1384 intercesserunt:
1868 1335 1973 1400 'per
2020 1354 2139 1397 quas

512 1415 836 1458 contentiones
867 1417 1008 1459 totius
1040 1417 1308 1460 tribunatus
1339 1418 1441 1460 eius
1473 1421 1657 1473 tempus
1688 1420 1930 1473 peractum
1966 1419 2048 1462 est.

600 1492 824 1547 Sequenti
857 1494 1028 1536 deinde
1069 1507 1193 1537 anno
1224 1495 1297 1537 Μ’.
1330 1495 1507 1550 Lepido
1548 1495 1598 1538 L.
1631 1495 1853 1538 Volcacio
1885 1507 2014 1550 coss,
2045 1507 2138 1551 quo

512 1583 635 1612 anno
668 1573 858 1625 praetor
895 1569 1059 1614 Cicero
1102 1572 1202 1626 fuit,
1237 1577 1371 1614 reum
1414 1571 1685 1615 Cornelium
1728 1573 1820 1615 duo
1853 1573 2023 1616 fratres
2053 1571 2138 1616 Oo-

514 1647 648 1689 minii
680 1648 786 1702 lege
819 1647 1039 1690 Cornelia
1071 1649 1128 1691 de
1162 1649 1408 1691 maiestate
1442 1650 1668 1692 fecerunt.
1745 1649 1929 1692 Detulit
1967 1661 2139 1692 nomen

512 1725 720 1779 Publius,
753 1726 1030 1780 subscripsit
1061 1725 1218 1768 Gaius.
1296 1730 1343 1769 et
1374 1739 1483 1769 cum
1524 1726 1574 1769 L.
1613 1725 1800 1769 Cassius
1839 1728 2031 1781 praetor
2060 1726 2139 1769 de-

513 1802 636 1844 cimo
668 1802 758 1856 die,
803 1805 854 1844 ut
894 1815 994 1845 mos
1034 1806 1116 1857 est,
1159 1803 1322 1845 adesse
1364 1804 1585 1857 iussisset,
1624 1815 1773 1858 eoque
1805 1803 1891 1846 die
1914 1803 2014 1858 ipse
2045 1803 2153 1846 non*

513 1879 752 1933 adfuisset,
786 1891 868 1921 seu
901 1882 1126 1922 avocatus
1157 1883 1351 1934 propter
1386 1880 1565 1934 publici
1599 1880 1826 1922 frumenti
1859 1891 2024 1923 curam
2055 1891 2140 1924 seu

513 1957 786 2011 gratificans
809 1969 902 2011 reo,
926 1957 1243 2000 circumventi
1282 1960 1391 1999 sunt
1432 1960 1542 2000 ante
1575 1956 1785 2000 tribunal
1817 1957 1919 2000 eius
1949 1968 2139 2000 accusa-

514 2037 638 2077 tores
669 2047 698 2077 a
729 2034 850 2076 notis
882 2046 1133 2089 operarum
1166 2034 1380 2090 ducibus,
1414 2035 1481 2077 ita
1513 2037 1565 2077 ut
1595 2047 1721 2078 mors
1746 2035 2074 2090 intentaretur,
2099 2036 2138 2079 si

602 2166 625 2189 1.
645 2163 755 2190 statim
775 2164 895 2198 Stangl,
918 2171 975 2190 om.
993 2164 1029 2197 P,
1168 2164 1242 2191 SM.
1327 2166 1350 2190 2.
1371 2164 1420 2191 cst
1442 2163 1552 2197 magni
1573 2164 1616 2197 M,
1639 2171 1696 2191 om.
1716 2164 1745 2191 S.
1800 2170 1872 2191 cum
1891 2164 1921 2191 S.
2009 2165 2035 2190 3.
2054 2162 2138 2192 forro

513 2222 620 2243 rursus
634 2217 668 2249 P,
686 2215 823 2244 ferretur
836 2236 966 2244 ........
980 2217 1011 2250 S,
1027 2216 1165 2244 ferretur
1178 2223 1286 2244 rursus
1300 2237 1307 2244 .
1318 2237 1324 2244 .
1335 2236 1341 2243 .
1353 2237 1360 2244 .
1374 2217 1416 2244 M.
1469 2219 1530 2243 3-4.
1544 2216 1578 2244 in
1592 2218 1706 2244 senatu
1717 2231 1731 2236 -
1743 2203 1814 2250 quis
1827 2223 1883 2244 om.
1897 2217 1927 2244 S.
1974 2218 2000 2244 4.
2014 2215 2062 2244 CO
2074 2223 2139 2244 non

513 2268 618 2296 minus
638 2269 819 2302 Mommsen,
842 2268 889 2296 CC
908 2270 943 2302 P,
967 2268 1067 2296 ...CC
1086 2270 1128 2297 Μ.
1183 2271 1243 2297 4-5.
1264 2268 1395 2303 quisita
1409 2268 1532 2296 solutus
1546 2270 1728 2303 Mommsen,
1746 2268 1869 2297 solutus
1881 2269 1962 2303 ΡΜ,
1984 2288 2099 2296 .......
2109 2270 2140 2297 S.

513 2323 538 2349 5.
556 2321 597 2349 ad
616 2322 765 2357 populum
785 2323 864 2355 PM,
888 2343 1016 2350 ........
1031 2323 1059 2350 S.
1132 2325 1156 2350 6.
1177 2324 1251 2350 acta
1271 2323 1319 2350 est
1337 2323 1416 2355 PM,
1439 2342 1570 2350 ........
1584 2323 1613 2349 S.
1685 2324 1710 2349 7.
1730 2323 1860 2350 senatus
1878 2321 2071 2362 anctoritate
2091 2322 2136 2356 Μ,

513 2395 608 2404 ......
627 2376 819 2404 auctoritate
840 2377 869 2409 S,
902 2376 1095 2405 auctoritate
1116 2378 1245 2404 senatus
1264 2377 1298 2404 P.
1406 2378 1466 2404 7-8.
1486 2384 1557 2404 eam
1581 2375 1655 2403 tulit
1683 2376 1726 2410 M,
1758 2374 1794 2404 eii
1823 2375 1898 2403 tulit
1925 2376 1962 2409 P,
2109 2366 2139 2404 S.

514 2433 538 2457 8.
557 2438 614 2464 per
632 2430 942 2464 Kiessliny-Schoell,
974 2437 1030 2457 om.
1056 2431 1085 2458 C.
1149 2429 1229 2457 talia
1246 2429 1275 2457 S.
1295 2429 1327 2457 G.
1346 2431 1527 2463 Mommsen,
1560 2449 1724 2457 ..........
1744 2429 1767 2456 S
1767 2449 1911 2462 ........
1931 2429 1960 2456 Ρ
1958 2448 2077 2463 ......
2096 2430 2138 2457 M.

513 2485 538 2510 9.
558 2482 603 2510 ali
613 2502 690 2510 .....
711 2483 740 2510 S.
830 2484 908 2509 9-10.
928 2481 989 2510 etsi
1009 2489 1102 2510 nemo
1122 2489 1301 2516 repugnare
1321 2483 1370 2516 122,
1394 2483 1426 2510 et
1445 2482 1514 2510 sine
1534 2489 1622 2510 more
1641 2484 1784 2516 pugnare
1808 2481 1838 2509 C.
1929 2483 1970 2509 11.
1990 2482 2139 2509 cunctam

514 2536 636 2570 Baiter,
660 2543 731 2564 eum
751 2538 807 2564 aut
830 2537 860 2564 C.
932 2539 974 2564 12.
994 2535 1142 2563 solebant
1159 2536 1205 2562 Pl.
1287 2537 1329 2563 13.
1349 2535 1501 2563 substulit
1520 2536 1592 2563 SM.
1674 2537 1716 2562 14.
1735 2533 1880 2569 plerique
1899 2535 1933 2562 P.
1987 2532 2139 2563 intereos&

514 2589 587 2617 serfi
606 2592 638 2617 et
658 2591 688 2623 S,
711 2589 960 2617 intercessurum
980 2593 1010 2629 st
1029 2590 1071 2617 M.
1166 2590 1207 2616 15.
1227 2587 1324 2629 totius
1343 2590 1376 2616 P.
1432 2589 1501 2616 eius
1521 2590 1645 2622 tempus
1664 2587 1973 2622 Kiessliny—Schoell,
1997 2589 2138 2622 tempore

516 2643 584 2671 eius
608 2644 637 2671 C.
729 2646 770 2670 16.
790 2643 839 2670 Μ’.
858 2643 1037 2676 Manutius,
1061 2642 1101 2670 M.
1125 2643 1154 2670 C.
1246 2644 1288 2669 17.
1307 2649 1395 2669 rcum
1416 2641 1598 2670 Cornelium
1618 2648 1674 2668 om.
1693 2642 1736 2669 M.
1827 2643 1869 2668 19.
1888 2640 2017 2675 scripsit
2035 2641 2066 2674 S,
2089 2647 2139 2668 su-

515 2696 645 2730 scripsit
663 2697 697 2724 P.
752 2696 850 2724 Gaius
871 2696 905 2724 L.
929 2696 1007 2724 Cic.
1031 2696 1098 2724 Clu.
1113 2697 1183 2723 100.
1247 2695 1281 2722 L.
1300 2703 1352 2729 eyo
1375 2694 1442 2730 (cfr.
1471 2694 1601 2728 Ho'lzl,
1633 2694 1724 2722 Fasti
1749 2694 1916 2729 praetorui,
1949 2693 2018 2730 35),
2049 2694 2084 2722 P.
2108 2694 2139 2722 C.

516 2753 558 2777 21.
577 2749 752 2777 advocatus
772 2750 845 2777 SM.
918 2751 960 2776 22.
980 2756 1020 2776 an
1041 2749 1114 2776 SM.

563 2857 585 2891 4
611 2857 684 2892 nisi
708 2855 768 2892 CC
793 2867 872 2891 ‘non
898 2858 1031 2891 minus
1058 2855 1290 2890 adfuissent:
1364 2854 1531 2890 XXXVI
1556 2854 1613 2899 40,
1638 2849 1732 2889 1-2.'

2174 651 2197 688 5

2175 1039 2221 1075 10

2175 1425 2221 1463 15

518 2917 583 2951 cfr.
610 2917 695 2951 Dio
723 2915 889 2951 XXXVI
914 2915 970 2961 39,
996 2915 1078 2950 3-4.
1413 2915 1456 2949 16
1482 2914 1544 2949 Μ’.
1570 2914 1719 2959 Lepido
1746 2913 1789 2950 L.
1810 2912 1995 2950 Volcacio
2022 2922 2138 2950 coss:
2196 2934 2203 2937 -

565 2976 586 3011 9
612 2975 726 3011 aliam
754 2974 895 3011 deinde
920 2974 1051 3019 legem
1078 2977 1172 3009 etc.:
1198 2973 1289 3011 Dio
1364 2984 1397 3010 a.
1425 2973 1480 3010 66.
