2300 3528
513 278 558 312 80
1203 276 1450 314 ASCONIVS

386 378 430 414 74
449 377 481 413 C
514 373 561 414 id
594 373 771 414 bellum
817 373 911 414 illis
951 372 1225 415 auctoribus
1264 372 1523 414 conflatum.
1561 375 1694 427 esset,
1731 373 2023 428 crebraeque
2054 373 2132 417 de-

349 1459 394 1493 66
407 1459 478 1493 ΚΒ

380 1919 422 1954 74
438 1920 474 1953 Β

386 2222 476 2257 598

514 449 739 491 sectiones
761 449 1034 491 Italicorum
1057 449 1404 502 nuntiarentur,
1425 444 1626 492 nanctus
1650 449 1815 492 iustitii
1839 450 2135 494 occasionem

512 527 702 567 senatus
737 526 952 568 decrevit
992 538 1051 568 ne
1093 526 1284 580 iudicia,
1327 526 1439 567 dum
1483 526 1711 569 tumultus
1752 527 1945 570 Italicus
1998 529 2132 585 esset,

513 604 871 644 exercerentur:
920 603 1043 657 quod
1091 603 1332 645 decretum
1383 615 1438 644 eo
1485 605 1696 658 tempore
1741 604 1791 646 in
1837 603 2135 648 contionibus

512 679 672 733 populi
708 691 848 734 saepe
885 680 1114 733 agitatum
1163 682 1278 722 erat.
1351 683 1598 734 supererat
1643 677 1801 723 autem
1843 693 1903 723 ex
1948 681 2019 736 iis,
2051 681 2134 736 qui
2169 687 2192 723 5

512 756 596 797 illa
625 756 802 798 iudicia
834 759 1117 810 metuerunt,
1150 757 1318 810 vIgens
1349 759 1449 798 tum
1483 757 1690 799 maxime
1723 756 1770 800 C.
1808 757 1968 812 Curio,
1990 759 2136 812 pater

513 831 730 874 Curionis
762 833 1078 875 adulescentis
1110 833 1212 875 eius
1243 833 1323 887 qui
1350 834 1473 875 bello
1500 834 1632 876 civili
1665 833 1880 876 Caesaris
1906 834 1999 888 fuit
2027 846 2133 890 par-

512 909 644 951 tium.

1136 969 1335 1012 PAVLO
1367 968 1514 1012 POST

600 1062 721 1104 Non
769 1062 869 1105 Cn.
916 1063 1243 1105 Dolabella
1289 1062 1343 1106 C.
1384 1064 1741 1118 Volcacium,
1789 1064 2132 1107 honestissi-
2171 1071 2216 1108 10

513 1151 656 1180 mum
718 1140 932 1193 virum,
996 1140 1281 1182 communi
1348 1143 1407 1182 et
1461 1141 1765 1183 cotidiano
1825 1141 1958 1184 iure
2011 1141 2133 1196 pri-

512 1219 721 1258 vasset.
2157 1210 2160 1214 ’

598 1293 703 1334 Duo
736 1294 928 1335 fuerunt
959 1306 1013 1335 eo
1046 1296 1257 1348 tempore
1283 1294 1364 1336 Cn.
1391 1294 1680 1348 Dolabellae,
1707 1306 1908 1348 quorum
1929 1295 2133 1338 alterum

511 1368 559 1411 O.
594 1369 768 1411 Caesar
799 1371 1054 1423 accusavit,
1088 1371 1290 1412 alterum
1323 1371 1381 1412 M.
1414 1370 1630 1413 Scaurus.

599 1446 713 1488 Non
746 1447 988 1501 denique
1031 1448 1186 1489 homo
1228 1448 1451 1489 illorum
1494 1451 1547 1490 et
1588 1449 1706 1490 vita
1745 1451 1798 1490 et
1833 1448 2136 1502 prudentia
2170 1455 2217 1493 15

511 1524 672 1577 longe
715 1524 1027 1578 dissimilis,
1076 1525 1156 1566 sed
1205 1527 1388 1566 tamen
1434 1525 1599 1566 nimis
1645 1525 1699 1566 in
1748 1525 2134 1579 gratificando

512 1601 633 1642 iure
665 1601 829 1655 liber,
877 1601 933 1643 L.
973 1601 1223 1654 Sisenna,
1272 1602 1539 1643 bonorum
1588 1601 1681 1643 Cn.
1720 1601 1968 1644 Cornelii
2014 1596 2133 1658 pos4

511 1678 814 1720 sessionem
863 1691 930 1720 ex
977 1679 1158 1721 edicto
1206 1692 1300 1720 suo
1351 1679 1405 1720 P.
1433 1679 1697 1734 Scipioni5
1750 1680 2133 1723 adulescenti

512 1767 728 1796 summa
774 1755 1110 1808 nobilitate,
1144 1755 1373 1797 eximia
1404 1756 1639 1798 virtute
1670 1756 1978 1810 praedito,
2015 1768 2133 1799 non
2169 1799 2172 1802 ,

511 1831 779 1873 dedisset.
1888 1877 1891 1880 ,
2033 1819 2035 1821 ’
2169 1838 2216 1876 m
2274 1881 2277 1884 ,

599 1909 699 1950 Hoc
730 1909 879 1950 solum
913 1909 992 1950 hic
1023 1909 1343 1951 adnotandum
1377 1912 1458 1963 est,
1500 1909 1628 1951 hunc
1669 1922 1768 1952 esse
1804 1909 1854 1957 L.
1887 1909 2132 1952 Sisennam

511 1985 591 2039 qui
625 1997 700 2027 res
732 1986 782 2027 R.
816 1986 1014 2040 scripsit.

600 2061 716 2114 Qua
749 2074 805 2104 re
838 2063 1094 2104 cumhoc
1125 2063 1359 2117 populus
1396 2063 1451 2105 R.
1486 2063 1707 2105 videret
1738 2066 1791 2105 et
1821 2075 1942 2106 cum
1974 2076 2003 2105 a
2034 2063 2132 2106 tri·
2184 2116 2190 2120 .

511 2139 672 2180 bunis
703 2140 775 2193 pl.
814 2140 1131 2193 doceretur,
1165 2140 1272 2181 nisi
1309 2152 1491 2193 poena
1537 2126 1867 2182 accessisset
1896 2140 1956 2182 in
1987 2139 2131 2183 divi-

511 2227 691 2270 sores,
725 2217 1013 2270 extingui
1060 2217 1346 2258 ambitum
1393 2217 1563 2258 nullo
1615 2217 1783 2259 modo
1828 2229 2020 2272 posse,
2052 2217 2132 2259 le·
2169 2225 2219 2265 25

599 2347 622 2371 1.
642 2344 708 2371 illis
728 2352 784 2371 om.
805 2345 833 2371 S.
890 2344 1000 2372 crebre
1022 2344 1224 2372 defensiones
1245 2345 1273 2371 S.
1347 2347 1370 2371 2.
1390 2347 1525 2372 nanctus
1544 2337 1854 2379 Kiesslinq—Schoell,
1876 2351 1938 2371 non
1960 2346 2034 2385 tunc
2054 2345 2129 2378 SM,

509 2379 613 2425 Obnon
647 2401 720 2425 tunc
753 2399 785 2425 1’.
895 2398 1010 2425 iustitii
1042 2399 1220 2436 Mommsen,
1253 2398 1321 2425 eius
1351 2398 1481 2425 tristitie
1515 2399 1544 2426 C.
1657 2401 1681 2424 4.
1711 2405 1748 2425 eo
1778 2400 1919 2432 tempore
1947 2398 2129 2432 ,Mommsem

511 2448 617 2478 corum
644 2453 673 2479 ζ’.
738 2454 762 2478 5.
783 2454 852 2479 crat
872 2453 937 2485 Sl’,
961 2472 1073 2479 .......
1092 2453 1134 2478 M.
1189 2454 1355 2484 supererat
1375 2451 1511 2485 Madviy,
1535 2453 1722 2485 supererant
1745 2451 1775 2479 C.
1828 2449 1879 2478 his
1899 2452 1972 2479 SM.
2044 2454 2070 2479 6.
2088 2451 2134 2497 vi:

511 2509 589 2538 gens
612 2508 675 2532 tum
698 2505 835 2539 Madvig,
859 2505 1022 2539 vigentum
1050 2507 1079 2532 (Υ.
1133 2504 1226 2532 Curio
1247 2506 1338 2538 pater
1358 2505 1536 2537 Manutius,
1560 2512 1616 2531 om.
1634 2506 1663 2531 G.
1736 2506 1761 2531 9.
1781 2512 1837 2531 om.
1851 2505 1893 2531 M.
1966 2495 2008 2532 16.
2026 2504 2133 2533 voleu-

511 2558 589 2585 tium
611 2559 640 2585 S.
730 2561 771 2585 11.
791 2557 861 2584 vii-[1
882 2559 916 2591 P,
940 2565 996 2584 om.
1018 2559 1091 2585 SM.
1156 2557 1342 2591 quotidiano
1367 2558 1397 2585 C.
1497 2559 1538 2584 13.
1557 2556 1610 2584 Cn.
1630 2558 1813 2590 Buecheler,
1836 2564 1893 2584 om.
1917 2557 1946 2585 0.
2036 2559 2079 2585 17.
2097 2557 2132 2585 L.

510 2637 566 2655 om.
587 2630 628 2655 M.
702 2631 743 2656 23.
763 2619 1022 2661 hoc'Mommsen,
1046 2628 1129 2655 hunc
1154 2629 1183 2656 C.
1273 2631 1315 2655 ⁴24.
1337 2629 1504 2656 doceretur
1519 2637 1551 2663 p,
1581 2628 1747 2656 docere...
1767 2628 1797 2661 S,
1822 2594 1990 2666 doceretur
1999 2647 2077 2656 .....
2098 2629 2132 2663 P,

511 2700 711 2727 doceretur..
723 2720 729 2726 .
741 2719 764 2726 ..
776 2720 782 2726 .
804 2701 844 2726 M.
863 2667 1054 2727 accessisset
1070 2701 1105 2733 P,
1128 2699 1303 2727 accessisse
1325 2701 1347 2726 S
1357 2701 1398 2726 M.
1480 2701 1521 2726 25.
1541 2698 1687 2732 extingui
1706 2699 1842 2732 Poyyz'us
1862 2699 1920 2732 Μ’,
1942 2685 2128 2732 extincti&

511 2770 633 2799 extinct
652 2771 689 2798 Pl
700 2771 759 2797 Ml.
815 2770 967 2797 ambitum
992 2771 1089 2803 Halm,
1114 2789 1190 2797 .....
1211 2771 1275 2803 SP,
1300 2791 1413 2798 .......
1432 2772 1472 2797 M
1513 2743 1602 2796 nullo
1623 2770 1657 2802 P,
1681 2769 1746 2796 ullo
1766 2770 1796 2797 S.
1863 2758 1866 2760 v

557 2879 579 2913 ἴ)
611 2881 812 2922 supererat
850 2880 980 2912 autem
1020 2887 1070 2912 ex
1107 2877 1153 2911 iis
1191 2866 1284 2911 etc:
1408 2878 1447 2910 11
1475 2877 1683 2921 privasset:
1709 2858 1742 2910 a.
1768 2877 1823 2910 81.
2067 2916 2071 2920 y

510 2938 623 2972 schol.
662 2937 753 2972 Bob.
794 2936 885 2983 Arq.
927 2947 981 2971 or.
1025 2938 1066 2970 in
1107 2936 1211 2970 Clod.
1252 2938 1287 2971 et
1406 2937 1448 2970 17
1475 2935 1525 2974 L„
1545 2933 1728 2970 Sisenna:
1765 2937 1887 2979 praet.
1913 2945 1947 2969 a.
1974 2935 2038 2980 783
2064 2935 2130 2970 cfr.

515 2996 606 3036 Cur.
1360 2994 1395 3030 S.
1422 2994 1461 3030 C.
1488 2994 1537 3029 de
1562 2993 1795 3040 Asclepiade
1823 2993 1908 3029 CIL
1931 2993 1951 3028 I
1975 2993 2055 3030 203.
