2300 3528
109 1051 155 1087 10

107 1440 155 1477 15

108 2219 156 2257 25

783 249 838 286 IN
864 246 1245 286 CORNELIANAM
1790 246 1835 282 87

280 346 383 390 Hoc
414 359 557 402 egere
590 347 908 400 enarratione,
941 347 1055 402 quia
1085 347 1175 388 hoc
1217 346 1321 388 loco
1370 357 1543 387 nomen
1576 356 1670 386 non
1702 343 1837 398 ponit

191 425 298 480 quis
339 424 522 479 fecerit,
556 425 600 467 ei
644 425 837 467 demum
872 425 1028 468 videri
1066 427 1230 479 potest,
1265 423 1347 478 qui
1381 422 1555 465 oblitus
1587 422 1648 464 sit
1679 421 1837 463 minus

191 506 303 546 ante
334 502 425 546 XX
455 514 624 545 versus
656 503 776 545 haec
809 502 867 545 de
900 515 955 544 eo
989 503 1088 557 ipso
1122 501 1403 544 Ciceronem
1437 500 1636 542 dixisse:

279 579 385 624 Sed
432 580 476 623 si
524 581 894 623 familiariter
941 592 1009 623 ex
1052 579 1112 632 Q.
1157 578 1373 632 Catulo,
1419 576 1836 633 sapientissimo

190 657 326 702 viro
377 659 544 713 atque
596 657 1021 711 humanissimo,
1075 656 1247 699 velim
1301 666 1603 710 quaerere:
1658 653 1837 695 utrius

190 735 415 779 tandem
448 735 551 778 tibi
585 735 910 778 tribunatus
942 734 1123 776 minus
1155 733 1384 789 probari
1417 734 1614 788 potest,
1636 730 1691 774 C.
1715 730 1835 774 Cor-

191 813 350 868 nelii,
383 825 450 856 an
483 838 539 843 —-
572 825 679 855 non
713 812 894 855 dicam
927 812 976 854 P.
1010 811 1272 867 Sulpicii,
1300 823 1406 853 non
1438 809 1495 852 L.
1523 808 1835 860 Saturnini,

154 891 298 933 'non
330 888 430 934 Gai
464 888 726 944 Gracchi,
754 902 858 932 non
880 889 1118 943 Tiberii,
1142 888 1419 931 neminem
1447 899 1607 942 quem
1635 886 1729 928 isti
1756 898 1836 927 se-

191 968 458 1012 ditiosum
511 968 843 1011 existimant
895 967 1213 1021 nominabo,
1270 966 1363 1008 sed
1418 964 1687 1008 avunculi
1736 964 1836 1017 tui,

191 1044 267 1100 Q.
300 1044 517 1100 Catule,
550 1046 854 1088 clarissimi
894 1045 1238 1101 patriaeque
1271 1042 1645 1086 amantissimi
1690 1041 1838 1084 viri?

191 1123 325 1180 quid
357 1124 490 1166 mihi
524 1124 746 1178 tandem
782 1135 1179 1178 responsurum
1213 1120 1456 1177 putatis?

861 1199 1167 1253 SEQVITVR

281 1278 459 1333 Quid?
507 1279 652 1321 idem
700 1279 983 1321 Domitius
1034 1278 1099 1320 M.
1153 1276 1430 1327 Silanum,
1484 1275 1835 1318 consularem

190 1356 488 1410 hominem,
523 1356 991 1411 quemadmodum
1025 1360 1092 1397 tr.
1128 1355 1202 1410 pl.
1237 1354 1509 1397 vexavit?

278 1434 338 1477 M.
371 1433 559 1492 Silanus
591 1434 919 1489 quinquennio
951 1436 1061 1476 ante
1095 1445 1186 1476 cos.
1222 1433 1379 1475 fuerat
1416 1445 1559 1486 quam
1601 1431 1838 1474 Domitius

190 1514 248 1556 tr.
282 1513 344 1568 pl.
378 1515 513 1567 esset,
546 1515 690 1567 atque
724 1512 824 1567 ipse
858 1524 1046 1566 quoque
1080 1511 1311 1554 adversus
1340 1509 1557 1553 Cimbros
1583 1522 1684 1552 rem
1712 1510 1838 1551 male

192 1593 425 1645 gesserat:
459 1602 603 1645 quam
630 1591 689 1632 ob
717 1602 910 1632 causam
943 1590 1181 1632 Domitius
1214 1601 1322 1631 eum
1358 1589 1483 1643 apud
1511 1589 1738 1643 populum
1762 1600 1837 1630 ac—

192 1669 392 1712 cusavit.
456 1668 805 1711 criminabatur
837 1680 939 1710 rem
973 1680 1083 1710 cum
1117 1666 1324 1710 Cimbris
1347 1667 1529 1709 iniussu
1553 1666 1713 1721 populi
1737 1678 1837 1720 ges-

192 1747 320 1802 sisse,
368 1746 512 1801 idque
559 1746 850 1801 principium
900 1746 1042 1788 fuisse
1093 1745 1421 1788 calamitatum
1470 1757 1587 1799 quas
1626 1757 1680 1786 eo
1715 1744 1838 1786 bello

192 1825 395 1882 populus
425 1825 710 1879 accepisset;
760 1836 818 1866 ac
850 1824 907 1866 de
941 1837 996 1866 eo
1030 1824 1255 1867 tabellam
1290 1835 1478 1878 quoque
1511 1823 1673 1864 edidit.
1757 1822 1839 1881 sed

192 1903 467 1960 plenissime
499 1902 688 1945 Silanus
715 1903 958 1944 absolutus
982 1906 1075 1955 est3
1092 1904 1218 1944 'nam
1244 1902 1367 1943 duae
1389 1902 1515 1943 solae
1540 1901 1692 1942 tribus
1714 1912 1838 1954 eum,

192 1980 359 2036 Sergia
391 1983 440 2023 et
470 1979 686 2034 Quirina,
721 1981 1090 2022 damnaverunt.

282 2058 431 2101 Haec
456 2061 540 2100 est
564 2059 958 2101 controversia
985 2058 1280 2111 eiusmodi,
1311 2060 1367 2099 ut
1394 2057 1531 2099 mihi
1563 2056 1840 2110 probetur

193 2139 262 2179 tr.
296 2137 370 2192 pl.
404 2135 499 2179 Cn.
533 2136 832 2190 Domitius,
867 2135 1067 2178 Catulo
1102 2136 1164 2177 M.
1199 2135 1518 2190 Terpolius.

282 2213 749 2269 Contemptissimum
783 2227 957 2256 nomen
1002 2214 1206 2256 electum
1252 2225 1353 2255 esse
1386 2225 1448 2255 ex
1482 2213 1539 2254 iis
1571 2213 1651 2267 qui
1686 2216 1742 2254 tr.
1775 2213 1837 2267 pl.

193 2292 387 2335 fuerunt
418 2295 521 2348 post
553 2292 808 2334 infractam
842 2292 1151 2334 tribuniciam
1182 2293 1463 2346 potestatem
1497 2303 1526 2333 a
1558 2289 1704 2344 Sylla,
1728 2294 1838 2332 ante

283 2407 308 2431 1.
327 2403 381 2438 qui
403 2405 432 2431 S.
514 2406 539 2431 3.
560 2403 598 2430 de
619 2404 699 2436 Am„
723 2412 780 2431 om.
806 2406 835 2430 (J.
891 2403 1044 2430 Cicerone
1067 2405 1095 2430 κ.
1182 2405 1208 2430 4.
1228 2405 1259 2430 et
1280 2404 1327 2429 1³¹.
1382 2402 1496 2429 Catulo
1517 2410 1574 2428 om.
1594 2403 1629 2435 1¹,
1653 2403 1724 2430 aaa.
1742 2403 1839 2435 Pmffl.

193 2459 218 2485 8.
236 2456 400 2485 nominem
415 2458 444 2485 S.
519 2459 561 2485 10.
581 2456 693 2485 Catule
709 2457 880 2489 Patricius,
898 2457 1002 2484 Catuli
1026 2459 1055 2484 (5,
1111 2456 1298 2491 patriaeque
1316 2456 1495 2486 Manutius,
1519 2458 1615 2490 atquc
1635 2458 1665 2483 ('.
1722 2459 1763 2483 11.
1785 2456 1837 2490 qui

193 2511 268 2539 SM.
348 2513 390 2539 13.
410 2511 486 2546 quid
506 2511 585 2544 Alci„
610 2511 693 2545 quod
718 2513 748 2539 C.
804 2511 981 2538 Domitium
1003 2511 1081 2538 SPl.
1138 2510 1283 2538 Silanum
1304 2510 1486 2541 Manutius,
1513 2509 1662 2544 sylanum
1683 2510 1717 2542 Ρ,
1742 2509 1839 2545 sylla-

192 2571 269 2592 num
289 2564 428 2599 SM(²'l⁰
442 2566 539 2599 mox).
614 2567 656 2592 lss.
676 2567 762 2592 esset
777 2566 807 2595 S,
824 2572 881 2592 om.
897 2565 923 2591 l’
935 2566 950 2590 ,1
961 2565 974 2591 '.
1049 2566 1144 2591 17-18.
1164 2563 1340 2592 accusabat
1355 2564 1434 2591 PM.
1502 2566 1543 2590 18.
1558 2563 1793 2591 criminabatur
1805 2572 1836 2599 p,

194 2617 390 2646 criminabat
413 2619 443 2646 C.
505 2626 571 2646 rem
593 2620 715 2652 Slanyl,
739 2625 810 2645 eum
837 2620 867 2645 C.
950 2620 992 2646 21.
1013 2617 1147 2652 sylanus
1167 2618 1233 2651 SP,
1257 2618 1380 2645 silonus
1401 2619 1443 2644 M.
1528 2620 1570 2645 23.
1588 2616 1667 2644 mihi
1688 2617 1840 2652 probetur

194 2671 332 2705 Madvig.
355 2669 434 2699 mihi
457 2671 499 2706 (m
521 2672 554 2703 S)
576 2692 671 2699 ......
695 2674 725 2699 Ο.
800 2674 895 2699 25-26.
917 2674 1115 2705 contempt.-
1128 2671 1256 2698 fuerunt
1277 2671 1413 2698 Ass-onio
1433 2671 1643 2697 reddiderunt
1660 2671 1838 2704 Kiesslivgs-

194 2725 324 2752 Schoell.
397 2726 439 2752 86.
459 2724 596 2752 electum
621 2725 758 2759 Madvig),
782 2725 900 2752 ieotum
922 2726 952 2757 S,
978 2725 1115 2752 eiectum
1141 2726 1166 2751 Ρ
1176 2726 1216 2751 Μ.
1272 2723 1323 2751 his
1344 2726 1418 2751 SM.
1511 2728 1553 2752 20³.
1573 2732 1591 2751 a
1612 2724 1703 2759 Sylla
1724 2725 1840 2751 Manu-

195 2778 270 2811 cius,
294 2778 384 2813 Sylle
410 2780 440 2806 Γ.

244 2880 289 2914 15
315 2889 393 2914 cos,
421 2879 565 2915 suerat:
592 2890 624 2914 a.
655 2881 733 2915 109.
1104 2879 1837 2915 17-18210011savit:Cir-,datamCaee.

242 2939 286 2974 16
313 2942 432 2984 atque
459 2939 543 2983 ipse
570 2949 728 2984 quoque
748 2943 840 2981 ctc.;
862 2938 980 2973 Flor.
1055 2940 1111 2983 20,
1137 2940 1201 2983 (373
1236 2940 1341 2974 I'err.
1370 2938 1408 2973 II
1435 2940 1467 2984 2,
1494 2939 1551 2983 47,
1580 2940 1657 2974 118.

194 2997 252 3034 ΙΙΙ
278 2999 311 3043 3,
338 2998 377 3043 4;
401 2999 565 3043 pem'oeh.
594 2998 697 3034 Liv.
726 2998 840 3034 LXV.
1103 2999 1148 3033 ‘2ss
1167 3002 1258 3034 ante
1277 2999 1496 3033 restitutam
1517 3009 1538 3032 a
1554 2997 1620 3034 Cn.
1637 2998 1838 3043 Pompeio:

1877 1832 1920 1866 81
1939 1832 1971 1865 lt

1876 2019 1919 2053 81
1944 2018 1976 2054 O

1878 2065 1922 2102 72
1936 2065 2006 2100 KS

1877 2116 1923 2148 63
1937 2114 1968 2148 S
