2300 3528
0 785 5 795 -
0 531 13 754 -2-——r—-.,
11 508 13 510 ,
11 430 15 431 ¹

70 1101 115 1136 10

71 1489 118 1545 15

740 295 794 332 IN
821 295 1118 333 CORNELIAN
1125 294 1200 331 AM
1745 291 1791 327 81

149 407 278 451 gem
309 394 466 438 hanc
497 393 770 436 Cornelii
805 394 1153 449 flagitabat,
1187 393 1345 435 illam
1379 404 1521 447 quae
1556 403 1622 433 ex
1654 390 1703 433 S.
1738 389 1793 433 C.

149 472 480 516 ferebatur
527 472 929 526 repudiabat,
978 471 1163 526 idque
1211 483 1237 513 e
1286 482 1348 512 re
1399 483 1477 524 p.‚
1528 472 1589 511 ut
1634 467 1795 510 docti

149 561 335 594 sumus
359 549 591 592 duorum
618 549 911 591 consulum
937 549 1359 602 designatorum
1387 546 1797 589 calamitate-—

239 617 288 672 et
318 627 487 671 eadem
520 627 580 670 de
608 639 659 670 re
693 627 835 682 paulo
868 630 990 682 post:

239 704 310 748 Ut
351 704 775 760 spectaculum
827 703 974 746 illud
1009 702 1287 760 {[duorum
1334 702 1796 756 designatorum

151 783 468 825 consulum
507 779 906 838 calamitatisll
940 794 1000 824 re
1039 784 1096 824 et
1128 784 1405 836 tempore
1437 779 1699 821 salubre
1733 790 1798 820 ac

151 861 597 915 necessarium,
636 872 864 915 genere
897 861 950 903 et
981 859 1262 914 exemplo
1299 859 1581 901 miserum
1615 869 1680 899 ac
1713 857 1797 898 fu-

152 941 372 982 nestum
404 939 752 982 videremus.

240 1016 290 1059 P.
323 1015 505 1071 Syllam
546 1019 594 1059 et
635 1016 688 1058 P.
732 1016 1019 1058 Autronium
1056 1015 1307 1070 significat,
1345 1026 1549 1070 quorum
1592 1013 1798 1055 alterum

150 1094 202 1138 L.
236 1093 385 1149 Cotta,
418 1094 625 1137 alterum
668 1094 718 1136 L.
763 1094 1043 1149 Torquatus,
1093 1094 1174 1148 qui
1215 1105 1326 1135 cum
1367 1093 1488 1135 haec
1530 1090 1697 1134 Cicero
1730 1090 1799 1132 di·

151 1172 293 1216 cebat
323 1183 438 1214 coss.
482 1174 634 1225 erant,
679 1171 887 1213 ambitus
929 1171 1216 1213 damnarant
1258 1172 1305 1212 et
1337 1170 1386 1212 in
1428 1181 1593 1212 eorum
1640 1169 1799 1210 locum

152 1249 303 1294 creati
335 1252 485 1292 erant.

242 1325 390 1381 Quid
440 1339 543 1382 ego
591 1339 739 1369 nunc
796 1326 912 1369 tibi
966 1326 1334 1381 argumentis
1392 1323 1799 1380 respondeam

152 1417 328 1461 posse
378 1404 530 1448 fieri
595 1407 656 1446 ut
718 1404 876 1446 alius
928 1403 1124 1459 aliqui
1178 1403 1513 1446 Cornelius
1565 1402 1645 1444 sit
1697 1401 1800 1456 qui

153 1483 377 1527 habeat
406 1482 788 1526 Philerotem
827 1494 1095 1535 servum;
1139 1482 1388 1536 vulgare
1426 1492 1643 1523 nomen
1676 1491 1802 1522 esse

154 1561 475 1615 Philerotis,
508 1559 806 1603 Cornelios
838 1572 975 1602 vero
1008 1560 1088 1602 ita
1121 1549 1350 1613 multos,
1393 1561 1449 1600 ut
1480 1558 1588 1601 iam
1622 1557 1801 1599 etiam

154 1639 470 1695 collegium
502 1639 874 1697 constitut-um
908 1638 1026 1681 sit?

242 1716 542 1772 Frequenter
573 1719 675 1759 tum
708 1717 854 1759 etiam
888 1720 1050 1759 coetus
1082 1716 1387 1759 factiosorum
1420 1715 1668 1758 hominum
1701 1714 1803 1756 sine

154 1795 351 1852 publica
373 1795 658 1838 auctoritate
684 1795 811 1837 malo
834 1795 1026 1849 publico
1052 1795 1254 1837 fiebant:
1287 1788 1609 1850 propterquod
1642 1795 1805 1848 postea

155 1874 361 1929 collegia
392 1876 441 1917 et
470 1873 513 1917 S.
548 1873 597 1916 C.
648 1876 695 1916 et
741 1873 960 1928 pluribus
1004 1873 1192 1928 legibus
1237 1875 1348 1915 sunt
1395 1872 1583 1915 sublata
1613 1873 1807 1926 praeter

114 1976 119 1980 ι
155 1963 313 2007 pauca
342 1954 494 2007 atque·
519 1954 653 1995 certa
685 1964 808 2007 quae
843 1951 1022 1994 utilitas
1048 1951 1259 1994 civitatis
1280 1950 1610 2004 desiderasset,
1643 1949 1806 2004 qualia

74 2271 122 2308 25

155 2032 267 2085 sunt
297 2029 543 2073 fabrorum
576 2031 908 2084 fictorumque.

245 2109 314 2151 At
349 2108 511 2151 enim
559 2107 815 2150 extremi
860 2119 931 2150 ac
962 2107 1337 2149 difficillimi
1386 2106 1670 2161 temporis
1713 2118 1804 2148 vo-

157 2198 286 2230 cem
339 2186 531 2240 illam,
586 2184 645 2228 C.
694 2184 972 2239 Corneli,
1026 2185 1326 2228 consulem
1368 2185 1626 2227 mittere
1673 2196 1806 2226 coe-

158 2263 331 2319 gisti:
363 2263 466 2319 qui
500 2274 625 2306 rem
656 2274 709 2317 p.
743 2262 970 2305 salvam
1004 2275 1122 2305 esse
1158 2262 1399 2316 vellent,
1437 2265 1493 2304 ut
1525 2262 1590 2304 ad
1624 2262 1806 2316 legem

159 2341 558 2396 accipiendam
592 2340 886 2383 adessent.

249 2455 274 2481 2.
293 2460 311 2480 e
331 2459 366 2481 re
385 2460 414 2487 p.
434 2455 470 2480 nt
492 2453 596 2486 Clark,
621 2454 653 2479 et
673 2451 768 2480 rebus
788 2453 819 2484 S,
844 2452 960 2480 urobus
980 2453 1060 2483 PM.
1085 2452 1176 2481 viris
1191 2453 1274 2486 Pmy.
1349 2455 1409 2480 2-3.
1429 2451 1515 2480 docti
1536 2459 1645 2479 sumus
1667 2451 1806 2486 Madv-iq,

161 2505 368 2534 doctissimus
393 2506 424 2534 C.
496 2508 558 2533 5-6.
578 2505 711 2533 duorum
732 2505 974 2538 designatorum
996 2505 1164 2533 consulum
1186 2506 1280 2542 (coss.
1294 2506 1329 2537 P,
1354 2505 1525 2533 eonsilium
1541 2506 1586 2539 M)
1610 2504 1809 2532 calamitatis

165 2561 197 2593 C.
220 2560 278 2588 del.
297 2559 436 2594 Madvia.
509 2561 534 2587 ¹1.
554 2562 587 2588 et
607 2559 789 2592 Manutius,
812 2567 869 2586 om.
894 2561 924 2587 C.
1007 2562 1033 2587 9.
1052 2559 1086 2587 Ρ.
1108 2560 1288 2592 Manutius,
1313 2567 1370 2587 om.
1395 2560 1425 2588 C.
1482 2559 1673 2587 Autronium
1694 2560 1809 2586 Manu-

161 2614 238 2647 tius,
262 2612 446 2642 ann-onium
467 2613 533 2650 SP,
557 2613 718 2642 atronium
741 2614 783 2640 M.
887 2615 928 2640 14.
949 2612 1068 2647 aliquis
1089 2613 1168 2641 PM.
1274 2615 1370 2640 15-16.
1390 2620 1518 2640 servum
1539 2613 1680 2647 Made-59.
1704 2620 1756 2639 res
1780 2612 1810 2639 C.

161 2666 329 2696 Cornelios
343 2666 423 2700 Ala„
445 2665 615 2695 Cornelius
633 2667 664 2694 C.
739 2670 780 2694 18.
795 2666 994 2700 Frequentes
1011 2667 1158 2701 Poyyius.
1215 2667 1319 2694 coitus
1334 2668 1363 2694 S.
1437 2669 1479 2694 20.
1494 2668 1526 2694 et
1540 2666 1570 2694 S.
1584 2666 1616 2693 C.
1631 2666 1809 2699 Kiessliny-

162 2721 294 2754 scheon,
317 2727 338 2748 a
351 2719 381 2748 S.
394 2719 427 2748 C.
441 2721 464 2747 S
475 2721 520 2753 M,
543 2719 574 2748 S.
587 2719 620 2748 C.
634 2720 668 2747 Ρ.
741 2722 837 2747 21-22.
855 2719 966 2754 qualia
980 2723 1054 2748 sunt
1068 2721 1252 2753 Mommsen,
1270 2721 1363 2754 quasi
1379 2723 1412 2748 ut
1431 2722 1461 2748 (J.
1536 2723 1578 2748 22.
1599 2720 1809 2753 fictorumque

163 2774 345 2807 Manutius,
367 2773 582 2808 lictorumque
608 2776 638 2801 (l.
712 2776 755 2801 24.
774 2772 806 2801 (l.
826 2781 883 2799 nm.
899 2774 941 2800 M.
996 2773 1123 2801 corneli
1147 2774 1327 2807 Manutius,
1352 2773 1502 2801 Cornelio
1528 2776 1557 2801 C.
1632 2776 1674 2801 25.
1695 2781 1760 2800 rem
1783 2780 1811 2807 p.

163 2827 245 2862 Ala„
268 2834 335 2855 rem
360 2827 391 2855 C.
445 2826 553 2861 legem
574 2827 654 2859 PM,
678 2834 744 2854 rom
767 2830 796 2854 S.

211 2930 236 2965 9
259 2929 302 2965 Ρ.
329 2928 478 2975 Syllam
505 2932 544 2964 et
571 2929 612 2963 P.
639 2929 875 2965 Autronium
902 2930 950 2964 si·
1023 2930 1088 2975 623
1114 2929 1236 2966 Sall.
1266 2930 1348 2966 Cat.
1377 2931 1432 2974 18,
1450 2930 1492 2975 23
1519 2929 1656 2965 Suet.
1686 2931 1759 2965 Iul.
1778 2932 1812 2965 9.

166 2989 331 3037 gnificat
362 2992 461 3024 ete:
499 2988 592 3023 Dio
632 2988 799 3024 XXXVI
825 2990 882 3034 44,
907 2990 950 3035 33
1071 2989 1118 3025 20
1144 2989 1313 3035 collegia
1342 2995 1380 3025 et
1406 2988 1444 3024 S.
1471 2989 1510 3025 C.
1528 3017 1535 3025 .
1552 3016 1559 3024 .
1575 3017 1582 3024 .
1598 2994 1688 3024 sunt
1723 2990 1812 3024 sub-

166 3048 265 3086 Cic.
302 3059 340 3095 p.
380 3048 496 3095 Sylla
533 3048 598 3094 713
636 3049 681 3084 de
717 3049 787 3094 fin.
823 3048 860 3084 ΙΙ
895 3049 950 3094 19,
1024 3049 1153 3084 blata:
1181 3049 1248 3084 cfr.
1276 3049 1458 3084 Ascon.
1486 3050 1518 3093 9,
1544 3050 1577 3084 9.

315 3169 346 3201 Q.
367 3167 499 3195 Asconii
518 3166 656 3195 Pedium·
679 3168 790 3195 comm.
1624 3156 1666 3191 11

1834 393 1982 453 7504

1840 1485 1886 1521 75
1904 1485 1940 1519 B

1840 1562 1885 1598 67
1902 1561 1972 1596 KS
