2300 3528
346 977 390 1010 (54
403 975 476 1010 KS

507 259 551 293 78
1196 254 1442 293 ASCONIVS

508 365 649 406 quae
682 352 770 394 vir
812 352 999 403 fortis,
1048 352 1214 394 huius
1270 351 1516 404 collega,
1559 350 1619 392 A.
1654 349 1943 392 Gabinius
1981 349 2039 392 in
2071 360 2150 394 re,

508 429 721 483 optima
754 429 898 471 fecit
929 429 1130 481 omnia;
1163 440 1360 482 neque,
1399 439 1520 469 cum
1553 427 1804 469 salutem
1836 426 2039 481 populo
2070 425 2128 469 R.

508 510 678 560 atque
711 505 982 547 omnibus
1013 505 1299 559 gentibus
1337 504 1522 546 finem
1559 503 1890 545 diuturnae
1922 500 2130 560 {Icupi-

509 580 752 638 ditatisfl
785 581 1183 636 turpitudinis
1215 584 1271 623 et
1301 581 1615 623 servitutis
1645 580 1902 634 afferret,
1935 591 2132 635 passus

500 662 595 701 est
625 659 750 714 plus
782 659 948 701 unius
985 659 1256 713 collegae
1289 659 1380 701 sui
1422 671 1591 713 quam
1640 659 1957 701 universae
1989 658 2135 702 civi-
2168 665 2191 701 5

510 737 645 778 tatis
677 748 870 779 vocem
903 737 1118 778 valere
1151 739 1203 778 et
1235 736 1630 778 voluntatem.

597 813 896 854 Manifestum
930 814 999 854 est
1029 812 1087 854 de
1120 824 1176 853 ea
1208 812 1312 865 lege
1350 811 1551 854 Gabinia
1589 810 1864 854 Ciceronem
1906 823 2034 854 nunc
2064 811 2132 854 di-

511 902 633 943 cere,
667 902 761 943 qua
793 888 874 931 Cn.
907 889 1129 943 Pompeio
1162 889 1339 931 bellum
1373 889 1601 931 adversus
1642 889 1820 943 piratas
1855 889 2017 930 datum
2050 891 2131 930 est.

510 966 559 1008 L.
594 969 752 1007 autem
784 965 1048 1007 Trebellius
1075 966 1143 1007 est
1174 968 1230 1006 tr.
1264 965 1324 1019 pl.
1358 978 1500 1019 quem
1523 977 1620 1007 mm
1642 965 1873 1007 nominat:
1906 977 1998 1019 quo
2028 976 2132 1020 per-

510 1045 761 1086 severante
793 1042 1090 1084 intercedere
1117 1067 1173 1071 —
1199 1054 1309 1083 nam
1334 1042 1518 1084 senatui
1546 1043 1827 1096 promiserat
1851 1042 2133 1084 moriturum
2170 1049 2216 1085 10

510 1133 559 1162 se
591 1122 707 1170 ante,
747 1132 889 1173 quam
937 1120 1020 1160 illa
1065 1120 1143 1160 lex
1190 1119 1483 1173 perferretur
1513 1144 1570 1149 -—
1601 1120 1724 1161 intro
1771 1131 1944 1162 vocare
1983 1118 2136 1160 tribus

512 1196 741 1238 Gabinius
775 1196 941 1251 coepit,
987 1199 1038 1237 ut
1069 1196 1305 1238 Trebellio
1347 1196 1674 1249 magistratum
1717 1196 1981 1251 abrogaret,
2013 1195 2136 1238 sicut

512 1273 750 1327 quondam
782 1273 848 1314 Ti.
877 1271 1120 1314 Gracchus
1145 1275 1201 1314 tr.
1228 1272 1286 1314 Μ.
1315 1271 1512 1315 Octavio
1539 1273 1749 1327 collegae
1775 1285 1858 1315 suo
1889 1272 2134 1327 magistra·
2203 1304 2206 1306 ,

511 1352 611 1391 tum
644 1350 906 1403 abrogavit.
970 1351 1017 1391 et
1049 1349 1342 1403 aliquamdiu
1365 1349 1628 1391 Trebellius
1660 1362 1716 1391 ea
1748 1362 1799 1391 re
1831 1362 1924 1391 non
1957 1351 2134 1404 perter-

513 1427 630 1468 ritus
652 1427 818 1468 aderat
839 1427 1173 1481 perstabatque
1195 1426 1244 1467 in
1267 1426 1616 1480 intercessione,
1640 1427 1764 1480 quod
1787 1427 1959 1468 minari
1986 1426 2136 1480 magis
2174 1434 2217 1469 15

513 1516 655 1558 quam
687 1506 1105 1558 perseveraturum
1139 1515 1239 1544 esse
1267 1501 1521 1545 Gabinium
1548 1503 1888 1555 arbitrabatur3
1921 1503 2003 1545 sed
2034 1505 2137 1558 post

513 1593 655 1635 quam
686 1581 730 1622 X
762 1584 809 1622 et
841 1580 928 1622 VII
960 1580 1111 1621 tribus
1142 1580 1435 1633 rogationem
1462 1582 1762 1634 acceperunt,
1795 1584 1842 1621 et
1873 1592 1968 1622 una
1998 1580 2135 1622 modo

513 1660 757 1711 supererat
789 1658 843 1698 ut
867 1657 1026 1711 populi
1054 1657 1230 1698 iussum
1254 1657 1520 1710 conficeret,
1545 1656 1726 1698 remisit
1751 1656 2134 1698 intercessionem

512 1735 800 1776 Trebellius:
834 1737 975 1787 atque
1008 1733 1074 1775 ita
1095 1734 1250 1787 legem
1274 1732 1502 1775 Gabinius
1524 1734 1581 1775 de
1603 1734 1768 1788 piratis
1799 1733 2136 1788 persequendis

512 1812 718 1866 pertulit.
2172 1818 2219 1853 20

603 1889 675 1930 At
706 1888 859 1929 enim
893 1888 960 1930 de
993 1888 1350 1942 corrigenda
1382 1888 1507 1941 lege
1540 1888 1938 1930 rettulerunt.

601 1965 821 2007 Diximus
853 1966 947 2007 iam
991 1966 1040 2006 in
1082 1965 1314 2019 principio
1357 1963 1628 2007 Cornelium
1661 1966 1813 2020 primo
1845 1966 2000 2020 legem
2032 1976 2134 2020 pro-

515 2044 749 2098 mulgasse
775 2055 833 2084 ne
860 2043 965 2096 quis
991 2055 1076 2096 per
1101 2045 1316 2084 senatum
1339 2043 1523 2096 legibus
1545 2043 1822 2096 solveretur,
1841 2042 1952 2085 dein
1973 2043 2135 2085 tulisse

603 2156 626 2180 1.
646 2153 699 2186 qui
720 2154 749 2180 S.
804 2152 904 2179 Aulus
924 2152 1071 2186 Pogmius,
1089 2155 1144 2179 aut
1159 2153 1222 2185 SP,
1240 2159 1296 2179 om.
1311 2153 1353 2180 M.
1428 2154 1487 2179 3-4.
1509 2152 1694 2186 cupiditatis
1712 2154 1742 2185 C,
1761 2153 1816 2180 del.
1831 2152 1968 2187 Madviy.
2039 2155 2064 2180 6.
2083 2159 2137 2180 va-

514 2206 580 2234 lere
599 2207 678 2237 PM,
702 2223 863 2232 .........
860 2207 877 2230 5*
877 2225 883 2232 .
939 2205 1103 2232 voluntate
1125 2206 1198 2232 SM.
1271 2207 1295 2231 7.
1315 2204 1453 2232 Gabinia
1472 2206 1593 2239 Stanyl,
1615 2224 1744 2232 ........
1765 2205 1840 2238 SM,
1864 2212 1920 2232 om.
1938 2205 1973 2233 P.
2044 2207 2069 2232 9.
2089 2207 2138 2233 est

515 2259 635 2292 Baiter,
659 2266 715 2285 om.
740 2261 770 2286 (J.
825 2265 887 2286 non
908 2258 1086 2291 Manutius,
1110 2266 1166 2285 om.
1191 2260 1221 2285 (J.
1325 2260 1366 2285 10.
1385 2258 1511 2285 senatui
1533 2260 1626 2292 Smyl,
1649 2260 1780 2285 senatus
1804 2259 1833 2286 Ο.
1936 2261 1977 2285 12.
1997 2258 2087 2292 coepi
2109 2259 2137 2287 S.

515 2316 556 2339 12.
576 2312 748 2346 abrogaret
768 2312 947 2344 Manutius,
972 2311 1166 2345 abrogarent
1187 2312 1250 2344 SP,
1274 2311 1468 2343 abroget-ent
1488 2312 1530 2338 M.
1614 2313 1654 2339 13.
1674 2311 1722 2338 Ti.
1743 2311 1921 2344 Manutius,
1943 2310 1975 2339 C.
1999 2312 2029 2339 C.
2085 2311 2138 2339 tri-

514 2365 572 2392 bus
592 2366 621 2391 S.
713 2365 807 2391 14-15.
827 2371 889 2390 non
918 2363 1106 2397 perterritus
1135 2364 1315 2396 Manutius,
1347 2363 1535 2396 perterritus
1565 2370 1626 2390 non
1652 2364 1681 2391 C.
1772 2365 1813 2390 15.
1833 2363 1865 2390 in
1885 2364 2029 2392 orn-SM
2084 2362 2136 2404 qui

515 2416 597 2450 quod
617 2418 646 2443 S.
701 2416 817 2443 minari
836 2416 942 2448 Orelli,
966 2415 1109 2442 damnari
1136 2418 1165 2442 (J.
1239 2417 1280 2443 17.
1302 2418 1333 2443 et
1353 2423 1415 2443 uua
1434 2415 1526 2442 modo
1546 2417 1613 2448 SP,
1637 2418 1669 2443 et
1688 2423 1751 2442 una
1770 2422 1860 2442 mens
1879 2418 1965 2443 esset
1983 2417 2018 2443 ut
2034 2416 2134 2450 Pm91,

515 2473 547 2497 et
567 2478 630 2497 una
650 2476 772 2503 quoque
792 2476 882 2496 mons
903 2471 987 2495 esset
1008 2471 1040 2495 ut
1061 2470 1102 2496 M.
1206 2471 1246 2495 18.
1267 2471 1300 2495 ut
1320 2470 1414 2501 June„
1439 2476 1495 2495 om.
1520 2470 1549 2495 C.
1652 2470 1693 2496 23.
1713 2467 1840 2503 legibus
1859 2468 1986 2501 Rinkes,
2010 2468 2083 2503 lege
2107 2470 2137 2497 C.

516 2522 587 2550 dein
609 2523 728 2556 Slanyl,
751 2529 807 2549 om.
833 2523 861 2548 C.

564 2622 583 2657 7
598 2621 647 2655 de
661 2621 807 2665 ealege
819 2619 1003 2654 Gabinia:
1012 2621 1177 2665 perioch.
1192 2619 1286 2654 Liv.
1364 2620 1431 2654 195
1458 2620 1516 2664 Μ,
1541 2619 1631 2653 Dio
1656 2618 1823 2654 XXXVI
1844 2619 1900 2664 24,
1917 2619 1959 2664 4,
1980 2619 2037 2664 30,
2055 2619 2135 2654 1-2.

516 2682 660 2726 XCIX3
688 2682 787 2717 Cic.
814 2682 860 2716 de
880 2684 970 2725 imp.
990 2682 1123 2725 Pomp.
1144 2681 1199 2725 17,
1226 2681 1289 2724 52,
1410 2679 1453 2713 13
1479 2678 1536 2713 Ti.
1563 2677 1764 2713 Gracchus
1791 2681 1835 2712 tr.
1862 2681 1956 2713 etc.:
1988 2689 2021 2713 a.
2049 2678 2136 2714 133:

517 2742 572 2786 18,
590 2742 653 2786 543
675 2742 730 2786 19,
750 2740 954 2785 573807102.
974 2741 1063 2775 Bob.
1081 2740 1208 2774 Flacc.
1228 2739 1289 2783 14,
1362 2738 1492 2773 Plut.
1525 2737 1602 2772 Tib.
1633 2737 1700 2772 Gr.
1729 2738 1784 2781 10,
1811 2737 1875 2782 12,
1901 2737 2021 2782 App.
2047 2737 2079 2772 b.
2105 2747 2134 2772 c.

516 2801 643 2836 Plut.
663 2802 796 2845 Pomp.
811 2800 981 2843 253Dio
1001 2798 1166 2833 XXXVI
1181 2798 1290 2843 23,4,
1363 2797 1469 2841 112,
1495 2796 1619 2831 Vell.
1646 2795 1752 2830 Pat.
1779 2795 1817 2830 II
1842 2796 1876 2840 2,
1900 2796 1939 2841 8,
1965 2795 2054 2831 Dio
2079 2795 2135 2840 fr.

516 2859 633 2895 Vell.
655 2859 755 2893 Pat.
774 2858 812 2893 II
830 2859 886 2903 31,
906 2858 938 2902 1,
957 2858 1072 2902 App.
1089 2857 1290 2891 Mithr.94.
1363 2857 1424 2900 87,
1451 2856 1592 2890 Auct.
1619 2857 1690 2890 vir.
1708 2849 1763 2890 itt.
1783 2855 1846 2900 64,
1871 2854 1971 2890 Cic.
1993 2855 2038 2890 cle
2054 2856 2134 2890 nat.

564 2920 585 2953 9
611 2918 653 2952 L.
681 2921 811 2952 autem
838 2916 1052 2951 Trebellius
1079 2919 1137 2950 est
1170 2920 1213 2950 tr.
1242 2916 1290 2960 pl.
1363 2915 1462 2950 deor.
1490 2915 1507 2949 I
1531 2915 1588 2959 38,
1617 2915 1701 2958 106,
1735 2915 1780 2950 de
1805 2915 1872 2960 leq.
1906 2914 1965 2949 III
1990 2915 2045 2959 10,
2071 2913 2135 2959 24,

518 2982 610 3012 etc:
644 2988 677 3011 a.
713 2978 776 3013 67:
810 2976 929 3011 Sall.
965 2976 1051 3010 hist.
1086 2976 1120 3011 V
1145 2974 1224 3019 frq.
1257 2975 1290 3018 2,
1364 2975 1477 3008 Brut.
1504 2973 1560 3018 25,
1586 2974 1651 3018 953
1671 2983 1748 3018 pro
1773 2973 1858 3008 Mil.
1884 2973 1940 3018 27,
1968 2973 2022 3009 72.
