2300 3528
375 361 421 393 ὃὸ
437 359 471 393 Β

378 566 423 600 83
445 565 476 600 C

349 614 392 649 74
410 613 475 647 KS

383 1547 477 1582 658

507 259 554 291 90
1196 255 1444 292 ASCONIVS

508 365 651 408 quam
693 354 936 407 improbus
975 353 1234 406 videretur,
1267 356 1370 407 post
1410 365 1584 407 paucos
1625 366 1809 396 menses
1841 353 1890 395 in
1922 353 2136 396 coniura-

509 430 636 471 tione
669 427 901 471 Catilinae
934 441 1034 471 esse
1075 441 1183 471 eum
1224 429 1446 483 apparuit
1477 441 1533 471 ac
1565 429 2004 471 cruentissimarum
2035 440 2138 473 sen-

510 506 767 548 tentiarum
787 506 928 548 fuisse
947 508 1203 547 auctorem.
1257 505 1416 559 itaque
1433 505 1481 547 hi
1503 509 1725 559 quattuor
1742 518 1888 560 prope
1905 506 2137 548 iacebant.

510 580 714 623 Catilina
746 583 904 623 autem
929 584 976 623 et
1006 581 1251 635 Antonius,
1274 594 1563 635 quamquam
1595 582 1806 624 omnium
1841 581 2050 624 maxime
2071 581 2140 624 in-

511 659 649 700 famis
682 670 845 700 eorum
887 658 988 701 vita
1030 660 1163 711 esset,
1196 661 1355 700 tamen
1390 658 1590 700 multum
1623 661 1852 712 poterant.
1931 658 2144 700 coierant

510 734 637 776 enim
672 735 810 776 ambo
855 737 906 776 ut
947 733 1226 776 Ciceronem
1268 735 1515 776 consulatu
1557 735 1814 789 deicerent,
1847 735 2143 778 adiutoribus

512 810 580 852 usi
614 810 896 852 firmissimis
928 810 986 852 M.
1021 809 1187 852 Crasso
1220 814 1267 852 et
1298 809 1346 852 C.
1371 809 1586 853 Caesare.
1650 812 1810 865 itaque
1842 811 1962 854 haec
1993 811 2142 854 oratio

510 890 675 929 contra
722 887 842 928 solos
889 885 1143 928 Catilinam
1178 889 1225 928 et
1255 886 1512 928 Antonium
1561 890 1642 929 est.
1726 900 1869 930 causa
1916 887 2143 930 orationis

509 963 779 1005 huiusmodi
818 963 866 1004 in
900 966 1066 1005 senatu
1107 963 1356 1005 habendae
1389 962 1606 1005 Ciceroni
1651 964 1740 1006 fuit
1778 964 1918 1018 quod,
1950 975 2060 1006 cum
2091 963 2141 1006 in

509 1040 610 1082 dies
636 1039 830 1081 licentia
857 1039 1062 1081 ambitus
1088 1042 1346 1093 augeretur
1366 1042 1558 1094 propter
1579 1040 1886 1095 praecipuam
1909 1038 2141 1082 Catilinae

510 1120 557 1158 et
589 1116 780 1158 Antonii
814 1116 1078 1170 audaciam,
1106 1119 1357 1158 censuerat
1388 1119 1578 1158 senatus
1602 1119 1652 1158 ut
1673 1117 1753 1159 lex
1775 1117 1980 1159 ambitus
2002 1119 2143 1160 aucta

510 1192 654 1233 etiam
697 1204 806 1233 cum
844 1203 996 1245 poena
1044 1193 1272 1245 ferretur3
1322 1193 1460 1246 eique
1493 1193 1563 1234 rei
1595 1191 1649 1245 Q.
1682 1193 1865 1235 Mucius
1897 1192 2143 1236 Orestinus

510 1271 565 1310 tr.
600 1269 661 1323 pl.
696 1268 1041 1310 intercesserat.
1125 1271 1225 1311 tum
1259 1267 1424 1311 Cicero
1457 1270 1671 1323 graviter
1711 1272 1877 1312 senatu
1917 1270 2142 1313 interces-

509 1346 690 1387 sionem
724 1346 906 1387 ferente
938 1346 1147 1388 surrexit
1177 1348 1319 1400 atque
1347 1346 1395 1388 in
1422 1347 1674 1388 coitionem
1707 1346 1938 1390 Catilinae
1971 1349 2019 1390 et
2047 1346 2142 1390 An-

511 1422 627 1463 tonii
661 1422 880 1464 invectus
912 1424 982 1464 est
1013 1424 1122 1464 ante
1155 1422 1255 1464 dies
1286 1423 1587 1464 comitiorum
1620 1435 1807 1477 paucos.

1141 1542 1265 1586 ENA
1272 1543 1398 1587 RRA
1412 1544 1475 1586 TI
1479 1543 1513 1586 Ο

599 1651 756 1705 Dico,
801 1651 855 1692 P.
899 1650 974 1704 C.,
1021 1651 1314 1705 superiore
1361 1653 1522 1693 nocte
1570 1651 1858 1692 cuiusdam
1905 1635 2144 1695 hominis

511 1727 721 1770 nobilis
752 1730 808 1769 et
840 1728 1006 1770 valde
1049 1727 1103 1769 in
1146 1727 1248 1769 hoc
1287 1727 1615 1781 largitionis
1661 1730 1895 1782 quaestu
1940 1729 2058 1771 noti
2089 1731 2144 1772 et

510 1804 726 1858 cogniti
769 1804 986 1845 domum
1028 1802 1332 1846 Catilinam
1366 1806 1422 1845 et
1451 1803 1750 1845 Antonium
1791 1816 1911 1846 cum
1953 1816 2141 1860 seque-

510 1880 720 1922 stribus
751 1879 867 1921 suis
899 1879 1250 1921 convenisse.

599 1957 694 1998 Aut
716 1955 763 1998 C.
789 1955 1004 1998 Caesaris
1031 1958 1113 1997 aut
1143 1956 1200 1997 M.
1226 1955 1381 1998 Crassi
1413 1956 1606 1997 domum
1633 1956 1882 2010 significat.
1945 1957 1988 2000 ei
2015 1958 2142 2000 enim

511 2033 734 2076 acerrimi
767 2045 824 2075 ac
855 2033 1167 2087 potentissimi
1195 2033 1388 2074 fuerunt
1409 2032 1651 2074 Ciceronis
1682 2034 2010 2088 refragatores,
2034 2046 2143 2077 cum

600 2165 623 2189 1.
644 2164 715 2196 post
729 2161 908 2195 Manutius,
926 2163 975 2189 set
989 2163 1019 2194 S,
1036 2161 1092 2189 sed
1106 2162 1184 2188 MP.
1259 2164 1317 2188 1-2.
1338 2160 1558 2188 coniutationc
1579 2162 1608 2188 S.
1682 2164 1705 2188 2.
1726 2169 1796 2189 eum
1819 2169 1890 2189 csse
1903 2162 1938 2189 P.
2009 2165 2034 2189 3.
2048 2169 2144 2197 prope

511 2215 594 2247 Rau,
627 2221 682 2248 pro
712 2221 745 2241 rc
780 2215 810 2241 C.
877 2213 1027 2241 tacebant
1055 2214 1098 2240 Sl.
1206 2215 1230 2240 4.
1261 2213 1401 2240 omnium
1433 2213 1743 2247 Kiessliny-Schoell‚
1776 2212 1824 2240 offi
1853 2215 1929 2247 SM,
1960 2213 2079 2242 omnib’
2110 2215 2144 2243 P.

511 2269 536 2295 5.
557 2274 665 2294 eorum
681 2274 742 2328 ἔφη.
763 2267 791 2293 S.
847 2266 981 2294 inultum
1003 2267 1046 2299 M,
1070 2285 1217 2293 .........
1239 2268 1303 2293 tum
1326 2267 1355 2299 S,
1380 2264 1432 2305 plu
1453 2266 1586 2293 multum
1606 2266 1641 2293 P.
1718 2269 1744 2293 6.
1764 2266 1856 2294 ambo
1877 2268 1912 2294 ut
1930 2267 2010 2300 PM,
2033 2286 2144 2296 .......

511 2358 517 2365 .
529 2357 535 2365 .
547 2358 553 2365 .
569 2339 597 2365 S.
653 2336 831 2365 aiutoribus
851 2338 893 2364 M.
995 2340 1020 2364 9.
1040 2337 1073 2364 in
1093 2338 1128 2370 P,
1151 2344 1208 2364 om.
1229 2338 1251 2363 S
1262 2338 1304 2364 M.
1360 2336 1499 2365 habente
1519 2338 1548 2364 S.
1653 2340 1693 2364 10.
1713 2339 1842 2372 propter
1859 2338 1996 2372 Poyyius
2010 2339 2054 2372 M,
2076 2346 2144 2373 pre-

2178 663 2201 700 5

2179 1047 2225 1082 10

2180 1429 2227 1464 15

514 2393 561 2419 ter
580 2391 662 2417 SP1.
736 2393 776 2416 11.
798 2392 830 2417 et
850 2398 906 2417 om.
927 2391 968 2417 S1.
1042 2393 1083 2417 12.
1104 2389 1196 2423 eique
1219 2390 1397 2420 Manutius,
1421 2392 1453 2417 et
1472 2397 1596 2424 quoque
1617 2391 1692 2423 SM,
1715 2389 1745 2418 ei
1765 2397 1889 2424 quoquc
1908 2391 1943 2418 P.
2016 2393 2060 2418 14.
2081 2391 2145 2419 coi·
2182 2402 2185 2403 ⁷

513 2443 630 2471 tionem
647 2443 827 2476 Μαηιιιὲαε,
851 2443 1033 2470 contionem
1053 2444 1083 2470 C.
1157 2445 1198 2470 16.
1219 2442 1380 2470 enarratio
1395 2443 1560 2475 Hotoman,
1578 2450 1635 2470 om.
1653 2444 1683 2470 C.
1755 2445 1798 2470 21.
1818 2442 1848 2470 ei
1862 2444 2046 2477 Buecheler,
2063 2445 2096 2472 et
2113 2445 2143 2472 C.

513 2498 555 2522 22.
575 2497 607 2522 et
627 2496 669 2522 ΙΙΙ.

561 2613 628 2647 1-2
654 2614 693 2648 iu
713 2614 982 2648 coniuratione
995 2613 1186 2649 Catilinae
1201 2615 1295 2648 etc.:
1415 2612 1458 2648 21
1487 2614 1523 2648 ei
1555 2614 1658 2648 enim
1690 2616 1787 2648 etc.:
1821 2613 1920 2649 Cic.
1959 2614 2038 2649 Cat.
2065 2613 2084 2649 I
2107 2615 2142 2659 6,

514 2672 614 2707 Cic.
644 2672 725 2707 Cat.
752 2672 810 2706 III
837 2672 869 2716 4,
896 2673 938 2716 93
963 2672 1077 2716 6,14;
1105 2672 1219 2716 7,163
1240 2672 1293 2715 10,
1369 2673 1427 2717 153
1454 2672 1587 2706 Plut.
1618 2672 1746 2707 Crass.
1772 2672 1818 2707 13
1839 2675 1878 2707 et
1903 2673 2142 2718 Oic.15;pe-

513 2732 581 2776 253
612 2742 688 2776 pro
715 2731 814 2766 Sall.
856 2732 910 2775 19,
950 2731 1015 2774 53;
1053 2730 1170 2765 Sall.
1212 2730 1293 2765 Cat.
1368 2732 1481 2766 rioch.
1507 2731 1613 2766 Liv.
1642 2731 1714 2775 CI3
1752 2731 1873 2766 Sall.
1910 2731 1991 2767 Cat.
2019 2732 2075 2776 18,
2100 2731 2141 2777 43

514 2791 570 2835 17,
596 2789 851 2834 33F10r.11
879 2789 934 2833 12,
959 2790 992 2823 3.
1366 2790 1456 2825 Dio
1494 2790 1665 2824 XXXIX
1704 2791 1759 2835 10,
1798 2791 1842 2836 13
1881 2790 2007 2826 XLVI
2039 2790 2074 2836 8,
2100 2791 2141 2835 13

561 2849 603 2882 11
630 2852 674 2883 ut
692 2848 757 2883 lex
775 2848 944 2883 ambitus
963 2847 1290 2882 etc.:schol.B0b.
1363 2850 1478 2884 schol.
1506 2849 1596 2884 Bob.
1622 2849 1804 2894 Sychn,
1832 2849 1888 2894 12,
1913 2850 1976 2895 31;
2005 2849 2140 2887 Suet.

514 2907 613 2952 Syll.
642 2908 697 2942 17.
748 2907 797 2942 de
821 2907 913 2952 lege
938 2905 1118 2941 Cornelia
1143 2905 1191 2940 de
1213 2915 1291 2940 am·
1365 2909 1438 2942 Iul.
1466 2909 1498 2944 9.

513 2968 599 3004 bitu
620 2971 685 3002 cir.
714 2967 982 3014 Momm-sen,
1009 2965 1158 3016 Strafr.
1187 2967 1267 3007 867.
