2300 3528
454 242 546 284 VIII
1058 240 1096 278 C.
1124 240 1461 278 GIARRATANO

453 345 644 409 chique
682 343 749 393 ab
788 345 933 392 omni
970 343 1272 392 litterarum
1309 345 1617 407 cognitione
1654 344 1830 396 alieni.
1906 363 1936 396 o
1962 347 2098 399 bar--

455 434 658 482 bariam
707 433 909 480 latinae
963 432 1180 495 linguae
1230 433 1531 481 inimicam!
1580 448 1610 481 o
1659 433 2074 498 perditissimam

454 522 731 570 hominum
768 520 1147 569 colluvionem!
1170 539 1192 566 »
1240 518 1344 586 (Ad
1369 520 1620 584 epistulas
1649 523 1923 574 Francisci
1944 527 2074 576 Bar-

455 610 572 659 bari
607 590 870 669 Diatriba,
911 625 959 673 p.
999 609 1228 676 v111-1x).

558 698 740 746 Etiam
759 696 1232 745 Bartholomaeum
1252 696 1318 745 de
1338 696 1784 762 Montepolitiano
1804 701 1857 748 in
1881 715 1946 750 ea
1963 717 2075 767 per-

452 787 739 851 quisitione
766 786 967 833 socium
993 788 1048 833 et
1073 783 1371 833 adiutorem
1391 783 1600 848 Poggio
1621 785 1782 835 fuisse
1808 803 1875 836 ex
1899 786 2074 841 Cincii

452 874 680 940 epistula
717 876 827 921 iam
858 873 1024 921 allata
1050 874 1180 921 satis
1200 873 1483 931 discimus:
1525 873 1616 925 sed
1642 877 1821 924 exstat
1846 878 2076 942 epistula

452 962 724 1011 Francisci
762 961 986 1010 Barbari
1024 962 1092 1010 ad
1118 962 1386 1026 Poggium
1412 964 1589 1024 missa,
1630 965 1687 1011 in
1725 980 1831 1028 qua
1867 965 2075 1016 codices

452 1067 484 1099 a
509 1050 718 1114 Poggio
745 1052 800 1097 in
827 1049 1118 1099 Germania
1155 1051 1354 1100 detecti
1391 1053 1470 1099 ita
1494 1050 1934 1104 adnumerantur:
1973 1073 1996 1101 «
2014 1057 2076 1104 tu

450 1138 736 1205 (Poggium
782 1138 1102 1206 adloquitur)
1149 1140 1557 1199 Tertullianum,
1607 1143 1667 1189 tu
1723 1141 1795 1191 M.
1846 1142 2075 1193 Fabium

452 1226 859 1288 Quintilianum,
899 1231 958 1276 tu
998 1226 1058 1286 Q.
1099 1227 1395 1277 Asconium
1444 1229 1759 1292 Pedianum,
1799 1234 1860 1279 tu
1885 1231 2074 1281 Lucre-

451 1317 602 1376 tium,
643 1315 834 1364 Silium
871 1315 1138 1378 Italicum,
1174 1316 1562 1378 Marcellinum,
1591 1317 1874 1367 Manilium
1911 1323 2074 1370 astro·

451 1420 684 1465 nomum‚
724 1405 952 1453 Lucium
983 1404 1336 1470 Septimium,
1386 1405 1661 1455 Valerium
1706 1406 1975 1470 Flaccum,
2013 1412 2075 1458 tu

451 1492 699 1558 Caprum,
739 1492 1084 1556 Eutychium,
1125 1492 1360 1542 Probum
1399 1495 1794 1556 grammaticos,
1833 1498 1894 1544 tu
1937 1511 2075 1545 com-

449 1581 625 1647 plures
663 1581 811 1641 alios,
851 1580 1263 1630 Bartholomaeo
1314 1581 1520 1646 collega
1563 1585 1654 1630 tuo
1694 1582 1950 1646 adiutore,
1989 1584 2075 1634 vel

449 1670 560 1718 fato
599 1669 810 1717 functos
849 1671 963 1718 vita
999 1669 1254 1731 donastiS,
1294 1670 1380 1718 vel
1417 1670 1594 1733 longo,
1633 1674 1694 1719 ut
1731 1673 1898 1733 aiunt,
1937 1675 2075 1737 post-

448 1757 656 1805 liminio
695 1759 751 1804 in
788 1757 1008 1816 Latium
1045 1759 1336 1806 revocastis
1356 1776 1379 1803 »
1426 1755 1493 1823 (p.
1533 1756 1598 1824 v).

555 1844 737 1900 Codex
776 1844 1160 1908 SangallensiS,
1200 1861 1303 1909 quo
1342 1844 1608 1894 Asconius
1646 1846 1799 1897 nobis
1836 1847 2074 1905 redditus

449 1936 544 1994 est,
584 1949 693 1981 una
730 1949 851 1981 cum
890 1935 1002 1981 eius
1040 1935 1439 1982 commentariis
1478 1933 1682 1982 scholia
1716 1935 1980 1999 quaedam
2017 1938 2074 1986 in

449 2023 716 2070 orationes
742 2020 998 2073 Verrinas
1025 2021 1363 2070 continebat:
1405 2022 1496 2070 sed
1522 2022 1655 2070 haec
1694 2022 1911 2084 scholia,
1937 2039 2075 2088 quae

449 2109 516 2158 ab
553 2112 668 2175 ipso
707 2108 942 2158 Asconio
980 2110 1226 2159 confecta
1263 2126 1376 2159 esse
1414 2112 1614 2175 priores
1661 2110 1889 2160 editores
1926 2115 2078 2178 puta-v

447 2201 653 2259 verant,
692 2197 756 2246 N.
799 2197 1022 2262 Madvig
1059 2196 1379 2264 (Disputatio
1428 2199 1610 2248 critica
1653 2200 1715 2248 de
1760 2199 1818 2262 Q.
1857 2199 2075 2250 Asconii

446 2286 674 2337 Pediani
710 2290 758 2335 et
800 2287 1029 2336 aliorum
1068 2291 1291 2336 veterum
1332 2287 1676 2350 interpretum
1712 2288 1769 2337 iu
1813 2287 2072 2340 Ciceronis

449 2375 709 2425 orationes
764 2376 1165 2436 commentarii&
1231 2375 1480 2424 Hauniae
1542 2374 1710 2443 1828),
1773 2378 2073 2427 rectissimo

447 2480 572 2512 usus
628 2463 839 2525 iudiciO,
879 2467 940 2512 ut
993 2479 1205 2529 prorsus
1251 2466 1365 2512 viro
1409 2464 1662 2513 historico
1713 2464 1952 2528 indigna,
2004 2465 2072 2514 ab

448 2550 683 2600 Asconio
722 2551 1066 2601 abiudicavit.
1160 2552 1327 2600 codex
1375 2555 1504 2614 erat,
1544 2555 1605 2600 ut
1642 2568 1708 2600 ex
1745 2551 2072 2618 apographo-

447 2657 566 2689 rum
609 2641 773 2688 variis
824 2642 1098 2705 scripturis
1136 2641 1452 2689 concludere
1494 2640 1636 2702 licet,
1678 2641 1875 2689 saeculi
1924 2642 2068 2690 noni.

447 2730 600 2794 plura
649 2728 864 2793 quidem
901 2729 967 2778 de
1005 2731 1117 2778 eius
1166 2730 1337 2778 forma
1386 2746 1449 2778 ac
1494 2730 1668 2793 figura
1704 2729 1980 2793 Kiessling
2017 2732 2072 2778 et

449 2817 660 2866 Schoell
704 2817 928 2865 fortasse
979 2817 1224 2866 subtilius
1253 2834 1435 2882 ,quam
1473 2820 1648 2867 verius
1682 2818 2067 2867 disseruerunt:

449 2923 513 2954 ex
551 2922 749 2969 magno
787 2910 970 2954 tamen
1019 2907 1332 2956 lacunarum
1383 2922 1602 2956 numero
1653 2909 1708 2955 in
1747 2906 2069 2972 apographis
