2300 3528
421 264 510 300 XVI
1026 265 1065 301 C.
1093 265 1430 303 GIARRATANO

524 367 601 415 At
638 366 797 430 longe
835 367 992 416 aliter
1028 367 1093 416 de
1132 367 1312 416 codice
1350 368 1666 417 Pistoriensi
1704 369 2043 418 sentiendum

420 459 514 504 est.
591 455 823 504 concedo
862 455 1107 519 equidem
1146 456 1350 520 aliquot
1386 456 1530 505 locos
1568 459 1624 505 in
1664 458 1879 507 scholiis
1917 458 2044 508 Ver-

418 546 656 592 rinarum
695 545 1260 605 orationumexstare,
1289 547 1379 608 qui
1407 545 1474 593 ab
1513 546 1894 610 interpolatore
1931 562 2044 614 pro-

418 634 544 681 fecti
567 635 694 695 sint;
719 632 809 681 sed
829 635 885 680 in
905 635 1304 681 commentariis
1318 632 1640 682 Asconianis
1661 637 1715 683 et
1734 637 1816 683 Vir
1834 635 2038 696 doctus,

417 724 509 785 qui
547 721 915 786 apographum
952 721 1084 769 illud
1123 724 1366 770 exaravit
1402 738 1467 770 ex
1505 738 1608 786 quo
1632 722 1961 790 ‘Sozomenus
1986 723 2044 772 li·

417 810 572 858 brum
611 826 764 858 suum
801 809 1096 874 descripsit,
1139 813 1192 858 et
1243 809 1567 858 Sozomenus
1612 813 1724 875 ipse
1762 811 2043 876 interpola·

417 898 653 946 tionibus
674 899 782 946 fere
821 914 875 946 80
914 898 1302 947 abstinuerunt.
1380 915 1507 947 nam
1545 899 1628 947 his
1667 899 1870 947 duobus
1895 899 2041 961 locis,

419 990 448 1034 9
471 984 501 1009 ¹¹
541 991 595 1035 et
633 988 698 1035 49
723 983 769 1047 ¹⁴,
822 989 1089 1051 corruptio
1139 987 1262 1035 inde
1313 991 1499 1036 exorta
1537 991 1618 1036 est
1659 989 1785 1052 quia
1827 988 2043 1037 librario

418 1074 580 1122 verba
607 1077 656 1122 ei
681 1074 821 1138 quod
861 1074 1199 1123 scribendum
1238 1079 1354 1123 erat
1390 1077 1571 1124 vicina
1605 1075 2040 1125 obversabantur.

419 1163 664 1227 equidem
702 1162 767 1210 de
805 1162 935 1210 locis
975 1165 1039 1210 55
1063 1159 1079 1185 ⁷
1129 1166 1183 1211 et
1230 1164 1294 1210 57
1319 1160 1350 1185 ¹⁵
1400 1180 1522 1211 cum
1572 1163 1788 1212 Clarkio
1827 1179 2043 1212 consen-

417 1253 494 1299 tio
532 1249 642 1317 (cfr.
683 1249 879 1299 Ascon.
916 1251 1040 1299 edit.
1070 1251 1232 1315 praef.
1262 1267 1310 1315 p.
1339 1250 1535 1318 XXX11):
1565 1254 1800 1316 itemque
1827 1252 1894 1300 ad
1922 1254 1984 1300 51
2011 1248 2044 1275 ¹⁶

419 1355 577 1404 supra
614 1340 753 1402 quod
799 1339 925 1388 dicit
977 1355 1255 1404 perperam
1294 1342 1350 1387 in
1390 1340 1730 1404 Sangallensi
1757 1343 1884 1390 haec
1922 1342 2043 1389 scri-

416 1431 569 1492 ptum
624 1444 737 1477 esse
794 1429 1043 1492 suspicor.
1167 1429 1306 1492 quod
1364 1445 1489 1477 vero
1548 1431 1612 1477 56
1645 1426 1675 1452 ¹⁸
1721 1429 1946 1478 occisum
2005 1428 2042 1478 S

418 1516 583 1577 addit,
610 1532 694 1564 res
733 1532 989 1579 magnam
1027 1516 1402 1565 difficultatem
1440 1533 1548 1565 non
1587 1517 1776 1566 habet:
1819 1517 2040 1566 verbum

418 1606 576 1665 enim,
616 1608 677 1652 ut
715 1606 915 1668 opinor,
956 1620 1126 1668 paene
1178 1605 1467 1653 evanidum
1510 1605 1595 1653 vel
1634 1605 1741 1653 alia
1779 1605 1844 1653 de
1881 1621 2043 1653 causa

416 1693 559 1742 lectu
598 1692 867 1741 difficilius
912 1693 1356 1741 Bartholomaeus
1394 1695 1769 1758 praetermisit,
1802 1694 2040 1757 Poggius

418 1781 645 1829 scribere
683 1783 874 1846 coepit,
903 1781 993 1829 sed
1032 1781 1245 1830 delevit.
1321 1798 1427 1846 qua
1463 1798 1519 1830 re
1557 1782 1660 1830 (100
1698 1785 1910 1833 tantum
1937 1782 2041 1831 loci

422 1872 482 1918 15
507 1867 539 1893 ¹⁹
576 1872 630 1918 et
669 1872 730 1917 31
754 1867 790 1893 ²⁰
827 1870 1297 1934 interpolationem
1335 1870 1590 1919 redolent.

524 1955 671 2015 Quae
698 1960 741 2005 si
767 1961 911 2006 recte
949 1958 1355 2022 disputavimus,
1384 1960 1497 2006 veri
1524 1958 1696 2007 simile
1735 1962 1816 2007 est
1841 1961 1899 2007 in
1935 1974 2040 2007 om-

416 2045 573 2094 nibus
617 2046 726 2094 fere
771 2046 917 2106 locis,
959 2046 1148 2110 quibus
1200 2047 1367 2095 codex
1414 2047 1459 2095 P
1508 2050 1711 2095 rectam
1753 2047 2039 2096 lectionem

415 2133 670 2198 praebeat
719 2134 1031 2198 codicesque
1084 2134 1120 2183 S
1171 2139 1224 2182 et
1268 2135 1323 2182 M
1363 2135 1548 2183 eodem
1598 2135 1755 2184 modo
1805 2137 2039 2200 corrupti

417 2222 539 2281 sint,
580 2221 849 2284 Poggium
895 2224 1212 2286 scripturam
1263 2222 1548 2287 archetypi
1591 2222 1818 2271 feliciter
1867 2238 2039 2270 emen-

414 2309 582 2358 dasse.
659 2326 758 2357 nec
795 2310 910 2358 fieri
948 2313 1125 2374 potest
1163 2314 1222 2358 ut
1260 2310 1328 2358 ad
1375 2310 1700 2358 dirimendas
1738 2326 1922 2359 omnes
1965 2310 2037 2358 di-

417 2399 745 2462 screpantias
784 2400 925 2446 inter
962 2397 997 2446 S
1037 2402 1090 2446 et
1127 2398 1172 2446 P
1212 2401 1485 2447 exstantes
1524 2399 1760 2447 codicem
1797 2399 1854 2446 M
1891 2399 2039 2447 velut

415 2485 675 2534 arbitrum
703 2502 988 2535 sumamus.
1066 2502 1237 2550 neque
1264 2488 1406 2534 enim
1445 2486 1664 2534 dubium
1696 2490 1778 2535 est
1802 2489 1932 2551 quin
1958 2503 2038 2536 co·
2084 2523 2086 2526 v

415 2574 593 2621 dicum
633 2573 668 2623 S
707 2578 760 2622 et
799 2575 854 2622 M
893 2590 1180 2622 consensus
1220 2574 1586 2638 Sangallensis
1623 2578 1936 2624 memoriam
1963 2592 2038 2624 re-

415 2665 739 2726 praesentet:
782 2663 873 2711 sed
917 2663 1058 2710 idem
1102 2663 1166 2711 de
1216 2663 1485 2711 codicibus
1523 2664 1568 2711 P
1607 2668 1661 2712 et
1703 2664 1775 2724 M,
1813 2666 2037 2728 quoties-

416 2767 640 2815 cumque
679 2753 819 2799 inter
859 2767 913 2799 se
951 2755 1267 2814 congruunt,
1308 2767 1415 2800 non
1455 2768 1661 2816 semper
1699 2752 1804 2800 dici
1842 2756 2034 2818 potest,

416 2855 537 2887 cum
575 2839 741 2887 codex
768 2840 839 2900 M,
868 2843 927 2887 ut
954 2856 1112 2904 supra
1138 2840 1494 2904 probavimus,
1524 2843 1733 2904 saepius
1760 2857 1822 2889 ex
1857 2841 1902 2889 P
1928 2857 2036 2890 cor-

415 2931 590 2975 rectus
629 2930 712 2977 sit.
790 2928 1017 2992 denique
1057 2930 1100 2975 si
1138 2930 1410 2992 quaeritur
1458 2932 1638 2978 utrum
1681 2929 1851 2978 codici
1890 2929 1927 2978 S
1965 2945 2034 2978 an
