2300 3528
109 669 133 706 5

788 258 841 293 IN
868 256 1192 293 PISONIANAM
1797 258 1819 293 5

256 354 544 410 Magnopere
577 366 654 397 me
685 354 923 397 haesitare
956 355 1185 397 confiteor
1225 354 1339 409 quid
1372 355 1433 397 sit
1464 367 1613 409 quare
1646 353 1813 397 Cicero

166 432 462 476 Placentiam
485 432 801 487 municipium
825 444 925 475 esse
952 432 1092 474 dicat.
1157 432 1298 475 video
1321 433 1447 474 enim
1477 433 1527 474 in
1548 432 1816 475 Annalibus
1854 439 1875 472 3
1898 437 1930 474 G

167 521 349 564 eorum,
373 510 455 565 qui
478 510 712 552 Punicum
735 510 915 552 bellum
942 510 1206 552 secundum
1233 510 1540 565 scripserunt,
1564 511 1689 552 tradi
1711 510 1815 552 Pla-

166 587 377 632 centiam
399 587 636 631 coloniam
659 588 914 630 deductam
937 588 1092 643 pridie
1119 587 1223 630 Kal.
1248 587 1350 629 Iun.
1374 588 1530 642 primo
1563 600 1687 630 anno
1715 588 1818 630 eius

166 665 298 720 belli,
332 665 384 708 P.
418 663 638 708 Cornelio
674 662 1076 720 Scipione,'patre
1118 664 1333 708 Africani
1366 665 1552 720 prioris,
1585 665 1654 707 Ti.
1688 665 1816 708 Sem-

115 742 118 744 ’
166 739 336 799 pr'onio
355 742 512 798 Largo
534 755 649 786 coss.
713 755 868 798 neque
891 743 1009 785 illud
1043 743 1137 786 dici
1159 746 1323 798 potest,
1351 744 1420 786 sic
1453 756 1559 786 eam
1582 744 1818 786 coloniam

88 1060 135 1096 10

89 1448 149 1502 15·

169 833 272 865 esse
303 821 574 876 deductam,
607 821 1012 876 quemadmodum
1045 824 1148 876 post
1180 822 1342 876 plures
1374 823 1554 864 aetates
1580 821 1662 864 Cn.
1684 822 1818 864 Pom-

169 900 306 957 peius
330 899 512 954 Strab0,
530 903 668 956 pater
688 899 770 943 Cn.
792 900 1005 955 Pompeii
1027 900 1201 955 Magni,
1226 886 1590 955 Transpadanas
1612 900 1822 943 colonias
1859 906 1880 940 3
1899 904 1969 940 KS

165 975 438 1022 deduxerit.
501 977 755 1033 Pompeius
787 978 916 1020 enim
940 976 1034 1020 no'n
1067 978 1205 1020 novis
1238 979 1417 1021 colonis
1450 991 1530 1021 eas
1561 979 1820 1034 constituit,

169 1055 254 1099 sed
283 1055 530 1099 veteribus
556 1056 725 1098 incolis
757 1056 1062 1098 manentibus
1105 1057 1178 1098 ius
1210 1057 1343 1098 dedit
1374 1056 1512 1110 Latii,
1549 1059 1600 1098 ut
1632 1060 1823 1111 possent

170 1133 350 1178 habere
375 1133 450 1177 ius
481 1134 606 1191 quod
640 1137 830 1182 ceterae
862 1132 1059 1176 Latinae
1091 1134 1320 1188 coloniae,
1348 1134 1397 1176 id
1430 1137 1500 1177 est
1533 1138 1584 1176 ut
1615 1147 1702 1190 per
1724 1147 1823 1177 ma-

167 1208 396 1268 gistratus
427 1211 674 1254 civitatem
698 1211 748 1254 R.
773 1211 1168 1266 adipiscerentur.
1232 1212 1528 1255 Placentiam
1552 1216 1713 1255 autem
1736 1225 1821 1255 sex

170 1289 305 1349 milia
336 1286 584 1332 hominum
617 1289 730 1332 novi
767 1290 922 1332 coloni
965 1290 1158 1332 deducti
1191 1293 1314 1344 sunt,
1348 1291 1398 1332 in
1431 1291 1604 1345 quibus
1637 1291 1823 1345 equites

170 1365 379 1428 ducenti.
427 1367 696 1410 deducendi
719 1366 810 1410 fuit
831 1380 976 1410 causa
995 1371 1046 1410 ut
1069 1371 1423 1423 opponerentur
1440 1367 1603 1422 Gallis,
1616 1369 1697 1423 qui
1715 1381 1821 1411 eam

171 1447 358 1502 partem
390 1445 559 1488 Italiae
597 1446 837 1488 tenebant.
917 1446 1224 1489 deduxerunt
1256 1447 1326 1488 III
1359 1447 1453 1489 viri
1491 1447 1540 1489 P.
1575 1446 1823 1489 Cornelius

171 1523 332 1579 Asina,
349 1523 398 1567 P.
412 1523 632 1580 Papirius
648 1524 790 1578 Maso,
809 1524 855 1567 C.
872 1525 1109 1567 Lutatius.
1174 1537 1378 1582 eamque
1395 1525 1631 1568 coloniam
1650 1525 1821 1568 LIII...

171 1602 428 1646 deductam
460 1615 561 1645 esse
601 1602 899 1645 invenimus:
933 1603 1140 1645 deducta
1172 1606 1242 1646 est
1274 1606 1434 1645 autem
1471 1604 1655 1646 Latina.
1729 1605 1822 1646 duo
1860 1613 1881 1647 4
1901 1614 1937 1647 Β

160 1692 314 1736 porro
345 1692 525 1735 genera
557 1692 723 1723 earum
757 1681 1068 1734 coloniarum,
1096 1693 1219 1735 quae
1253 1694 1281 1723 a
1302 1682 1476 1736 populo
1509 1681 1559 1724 R.
1589 1682 1822 1724 deductae

171 1761 295 1812 sunt,
313 1758 521 1812 fuerunt,
545 1761 597 1800 ut
622 1757 888 1811 Quiritium-2
915 1758 1055 1812 aliae,
1080 1759 1204 1800 aliae
1226 1759 1506 1801 Latinorum
1530 1763 1699 1802 essent.
1763 1760 1821 1802 de

172 1849 223 1880 se
255 1838 416 1879 autem
461 1836 637 1890 optime
671 1837 865 1878 meritos
896 1836 1199 1879 Placentinos
1240 1837 1319 1890 ait,
1354 1838 1479 1892 quod
1523 1837 1593 1879 illi
1632 1850 1820 1892 quoque
1860 1853 1904 1887 13
1923 1853 1954 1888 S

172 1915 538 1957 honoratissima
551 1915 746 1957 decreta
762 1927 878 1969 erga
889 1914 1169 1957 Ciceronem
1185 1916 1403 1957 fecerunt
1415 1919 1820 1971 certaveruntque

173 1991 224 2034 in
255 2003 314 2035 ea
344 2003 397 2034 re
429 2003 539 2034 cum
573 1994 670 2033 tota
702 1991 855 2046 Italia,
889 2004 999 2034 cum
1031 1992 1091 2035 de
1124 1993 1282 2034 reditu
1315 1993 1418 2035 eius
1450 1995 1609 2035 actum
1644 1996 1726 2036 est.

223 2176 229 2184 ι
261 2141 288 2168 4.
307 2139 376 2171 Iun.
396 2139 536 2174 Madviq,
559 2139 628 2167 Ian.
653 2140 683 2167 C.
768 2141 793 2167 5.
814 2140 848 2167 P.
868 2140 1050 2173 Manutius,
1072 2148 1129 2167 om.
1154 2141 1184 2168 (J,
1258 2140 1306 2167 Ti.
1327 2141 1507 2173 Blanutius,
1531 2140 1566 2168 T.
1587 2141 1667 2174 PM,
1692 2141 1771 2169 tenti
1793 2143 1822 2168 S.

173 2196 200 2222 8.
212 2192 342 2222 colonia
355 2193 400 2227 M,
417 2193 549 2221 colonos
563 2194 606 2221 8⁹.
679 2195 704 2220 9.
719 2192 890 2221 deduxerit
903 2194 1085 2226 Manutius,
1104 2193 1282 2221 deduxerat
1300 2195 1330 2221 G.
1381 2200 1430 2221 ea·
1443 2195 1478 2227 P,
1520 2202 1559 2221 ea
1574 2195 1648 2222 SM.
1712 2198 1753 2222 11.
1768 2203 1824 2229 per

172 2247 359 2280 Buecheler,
380 2246 447 2281 peti
468 2247 499 2280 S,
531 2246 661 2280 petendi
683 2247 762 2273 PM.
856 2249 897 2274 12.
918 2246 1089 2274 Placentia
1109 2247 1189 2274 PM.
1282 2250 1323 2274 14.
1343 2247 1473 2275 ducenti
1504 2248 1820 2282 Kiessliny-Schoell,

173 2299 312 2330 ducendi
331 2301 363 2335 S,
380 2307 438 2328 om.
450 2301 530 2328 PM.
604 2300 799 2340 deducendit
819 2301 853 2328 P.
928 2302 970 2327 15.
986 2300 1147 2328 triumviri
1171 2302 1212 2334 Μ,
1231 2301 1381 2328 triunviri
1402 2302 1437 2328 P.
1512 2304 1554 2329 16.
1568 2301 1658 2329 Maso
1680 2303 1710 2335 S,
1733 2301 1823 2329 Maso

173 2353 230 2383 On.
248 2354 422 2389 Pompeius
440 2355 524 2382 PM.
597 2354 629 2381 C.
649 2354 799 2382 Lutatius
822 2354 1137 2388 Kiessliny-Schoell,
1171 2355 1225 2382 Cu.
1255 2355 1423 2383 Cornelius
1454 2355 1563 2390 Scipio
1589 2357 1618 2383 C.
1692 2356 1826 2383 LIII...

176 2407 211 2444 (ὅ
225 2408 285 2437 liu.
303 2409 334 2442 S,
349 2410 369 2436 8
384 2408 431 2443 m
451 2409 482 2437 C.
494 2408 678 2443 Hirschfeld
697 2409 802 2443 suppl.
812 2418 821 2435 .·
843 2408 937 2436 annis
958 2411 1029 2443 post
1043 2408 1179 2437 civitate
1200 2409 1234 2436 R.
1247 2409 1399 2436 donatam
1422 2417 1502 2437 esso.
1559 2412 1600 2436 17.
1622 2410 1760 2438 deducta
1780 2410 1821 2445 ml

175 2469 247 2491 esse
275 2462 311 2497 Ρ,
342 2462 482 2491 deducta
509 2470 615 2490 messe
646 2464 676 2496 S,
708 2462 846 2490 deducta
875 2470 926 2490 me
953 2470 1058 2490 messe
1089 2464 1132 2490 M.
1244 2466 1284 2490 19.
1311 2466 1346 2491 ut
1375 2463 1551 2496 Quiritium
1581 2463 1667 2491 aliae
1698 2465 1821 2497 Baiter,

175 2516 287 2551 itaque
311 2517 342 2546 G.
413 2519 457 2545 21.
476 2516 607 2545 fuerunt
628 2518 657 2545 S.
714 2519 986 2552 eertaverantque
1006 2518 1088 2545 PM.
1168 2521 1210 2545 22.
1231 2517 1335 2545 reditu
1357 2518 1426 2545 eius
1447 2519 1527 2551 PM,
1552 2526 1658 2546 re....
1678 2519 1708 2546 S.

224 2654 248 2691 5
290 2653 333 2690 P.
374 2653 555 2691 Cornelio
597 2654 783 2700 Scipione
798 2682 806 2690 .
823 2682 830 2690 .
847 2681 861 2694 ,,
902 2655 960 2690 Ti.
1044 2660 1155 2691 sunt:
1182 2655 1284 2691 Liv.
1304 2656 1410 2701 XXI,
1433 2657 1479 2692 25
1497 2660 1536 2692 et
1547 2657 1716 2702 per-loch.
1736 2656 1823 2692 XX.

175 2713 409 2760 Sempronio
435 2713 576 2761 Longo
605 2725 723 2750 cosa:
749 2726 784 2750 a.
812 2715 893 2750 218.
1084 2716 1129 2750 14
1170 2716 1407 2751 Deducendi
1449 2717 1523 2752 fuit
1566 2727 1688 2752 eausa
1727 2721 1823 2752 ete:

226 2774 269 2809 11
296 2777 341 2809 ut
366 2784 437 2819 per
472 2775 730 2821 magistratus
758 2776 961 2810 civitatem
1036 2775 1156 2811 Tac.
1184 2777 1272 2811 hist.
1300 2776 1359 2811 ΙΙΙ
1385 2777 1443 2812 34.

178 2833 222 2870 R.
249 2833 582 2879 adipiscerentur:
608 2834 727 2880 App.
746 2836 778 2870 b.
798 2846 827 2869 e.
847 2835 886 2870 II
905 2835 962 2871 26.
1085 2837 1140 2871 15.
1168 2836 1432 2872 Deduxerunt
1454 2836 1513 2871 III
1531 2837 1605 2874 viri
1625 2840 1718 2873 ctc.:
1738 2837 1823 2873 Po·

226 2893 272 2934 12
288 2893 534 2930 Placentiam
567 2898 701 2931 autem
801 2895 963 2935 deducti
1035 2897 1047 2931 1
1056 2897 1138 2948 yb.
1165 2897 1225 2932 III
1251 2897 1308 2943 40,
1336 2898 1369 2935 9.
