2300 3528
759 211 814 247 IN
843 210 1181 247 MILONIANAM
1746 211 1792 246 43

20 158 41 259 Ξ

22 268 44 313 1

151 311 312 352 autem
345 307 399 362 Q.
432 308 685 363 Pompeius
718 308 845 351 idem
879 308 1134 351 meditatus
1160 311 1276 351 erat.
1341 311 1473 351 tanta
1500 312 1659 351 tamen
1683 321 1790 351 con-

150 386 326 431 stantia
355 398 414 429 ac
445 386 562 429 fides
594 386 684 428 fuit
709 385 953 429 Ciceronis
980 389 1033 428 ut
1055 398 1149 428 non
1172 387 1332 441 populi
1357 399 1386 428 a
1406 399 1456 429 se
1489 386 1792 437 alienatione,

150 476 246 507 non
277 463 361 507 Cn.
388 462 602 519 Pompeii
628 465 990 519 suspicionibus,
1017 476 1110 506 non
1144 464 1358 519 periculo
1386 464 1599 507 futurum
1626 466 1679 506 ut
1702 463 1792 506 sibi

151 541 253 585 dies
277 541 339 585 ad
370 542 598 597 populum
642 542 898 596 diceretur,
940 554 1035 584 non
1082 542 1242 595 armis,
1275 554 1398 596 quae
1436 542 1594 597 palam
1628 541 1677 583 in
1709 541 1791 583 Mi-

90 622 114 662 5
150 619 309 663 lonem
351 622 541 674 sumpta
583 622 734 673 erant,
774 619 1008 662 deterreri
1040 619 1249 674 potuerit
1290 632 1318 661 a
1350 620 1626 662 defensione
1664 619 1792 661 eius:

150 709 260 741 cum
292 701 450 753 posset
489 710 628 740 omne
670 698 939 753 periculum
972 710 1111 740 suum
1144 700 1192 740 et
1223 698 1531 740 offensionem
1566 697 1792 740 inimicae

149 775 240 819 sibi
290 775 610 818 multitudinis
657 776 916 830 declinare,
966 776 1204 819 redimere
1252 779 1412 818 autem
1461 775 1543 819 Cn.
1577 775 1791 830 Pompeii

150 853 380 908 animum,
412 853 452 896 si
484 853 681 908 paulum
714 865 776 895 ex
807 853 962 895 studio
996 853 1285 896 defensionis
1317 853 1588 896 remisisset.

238 930 430 974 Perlata
460 930 634 973 deinde
666 930 772 985 lege
805 930 1044 985 Pompeia,
1072 931 1122 973 in
1145 944 1240 986 qua
1261 931 1309 973 id
1342 943 1530 986 quoque
1561 930 1792 986 scriptum

66 1015 113 1052 10
150 1010 267 1063 erat,
301 1010 353 1051 ut
383 1008 626 1063 quaesitor
647 1007 875 1062 suffragio
898 1009 1059 1063 populi
1083 1021 1144 1051 ex
1167 1009 1224 1051 iis
1256 1009 1338 1063 qui
1360 1009 1578 1051 consules
1603 1009 1794 1051 fuerant

149 1087 411 1141 crearetur,
436 1086 596 1128 statim
623 1086 818 1128 comitia
843 1086 1008 1128 habita
1033 1089 1317 1141 creatusque
1350 1093 1455 1129 erat
1478 1087 1529 1129 L.
1556 1086 1794 1129 Domitius

147 1163 494 1208 Ahenobarbus
515 1163 768 1218 quaesitor.
828 1164 990 1205 album
1013 1176 1202 1219 quoque
1225 1165 1454 1218 iudicum,
1474 1165 1555 1219 qui
1578 1165 1637 1206 de
1661 1176 1718 1206 ea
1740 1176 1792 1207 re

147 1241 431 1295 iudicarent,
463 1241 717 1296 Pompeius
745 1241 840 1283 tale
862 1241 1106 1296 proposuit
1137 1244 1188 1283 ut
1225 1254 1487 1296 numquam
1515 1254 1670 1296 neque
1698 1242 1791 1284 cla-

148 1318 298 1362 riores
319 1319 449 1362 viros
474 1330 631 1374 neque
657 1319 918 1361 sanctiores
950 1319 1211 1374 propositos
1242 1331 1343 1362 esse
1376 1322 1627 1362 constaret.
1690 1323 1794 1374 post
1830 1327 1875 1362 34
1894 1326 1964 1362 ΚΒ

65 1402 112 1439 15
147 1398 274 1454 quod
289 1397 450 1440 statim
467 1409 594 1440 nova
611 1397 717 1451 lege
734 1397 845 1439 Milo
863 1397 1126 1452 postulatus
1143 1398 1212 1440 esi
1229 1410 1257 1439 a
1273 1398 1457 1440 duobus
1471 1398 1637 1453 Appiis
1654 1397 1790 1441 Clau·
1828 1406 1876 1441 40
1887 1406 1924 1440 Β

147 1475 240 1519 diis
265 1475 650 1518 adulescentibus
676 1474 860 1529 iisdem,
884 1487 912 1517 a
938 1475 1111 1529 quibus
1137 1479 1279 1518 antea
1307 1476 1488 1518 familia
1512 1476 1614 1518 eius
1637 1476 1793 1518 fuerat

147 1553 402 1610 postulata3
429 1553 640 1607 itemque
674 1553 732 1595 de
765 1553 948 1595 ambitu
981 1553 1041 1595 ab
1074 1553 1243 1596 iisdem
1270 1553 1448 1608 Appiis,
1472 1557 1520 1596 et
1541 1557 1792 1609 praeterea

147 1644 178 1674 a
198 1630 248 1675 C.
281 1629 490 1686 Cethego
523 1633 571 1673 et
594 1631 646 1673 L.
674 1629 950 1683 Cornificio;
984 1631 1042 1672 de
1074 1631 1314 1673 sodaliciis
1341 1629 1444 1688 {[et]]
1479 1644 1507 1674 a
1538 1632 1586 1674 P.
1619 1631 1791 1675 Fulvio
1829 1641 1923 1676 390

146 1694 335 1750 NeratO.
404 1706 667 1762 postulatus
689 1709 849 1748 autem
873 1709 977 1748 erat
1008 1709 1055 1748 et
1086 1707 1145 1749 de
1177 1707 1416 1750 sodaliciis
1448 1711 1495 1749 et
1526 1708 1585 1750 de
1609 1708 1791 1750 ambitu

63 1795 111 1831 20
147 1797 206 1828 ea
235 1797 332 1841 spe,
357 1783 483 1839 quod
514 1784 723 1839 primum
746 1784 977 1827 iudicium
1000 1785 1058 1826 de
1082 1785 1131 1827 vi
1165 1785 1378 1827 futurum
1406 1786 1680 1840 apparebat,
1699 1798 1791 1840 quo

146 1876 256 1907 eum
289 1863 569 1906 damnatum
603 1862 663 1904 iri
697 1862 1000 1904 confidebant
1032 1875 1121 1905 nec
1154 1866 1316 1917 postea
1349 1875 1700 1918 responsurum.

235 1941 483 1985 Divinatio
523 1941 583 1983 de
630 1941 812 1983 ambitu
861 1943 1192 1983 accusatorum
1234 1942 1360 1984 facta
1407 1944 1478 1984 est
1523 1942 1793 1997 quaesitore

145 2019 200 2063 A.
233 2019 484 2074 Torquato,
528 2021 671 2074 atque
714 2019 854 2061 ambo
897 2019 1203 2073 quaesitores,
1237 2019 1503 2074 Torquatus
1545 2023 1593 2062 et
1633 2020 1792 2062 Domi-

235 2133 261 2160 ³.
280 2131 447 2166 pompeius
468 2132 507 2167 S„
538 2102 714 2171 periculgm
736 2131 770 2163 P,
794 2130 971 2165 periculum
993 2131 1058 2159 SM.
1097 2133 1130 2158 ut
1151 2130 1212 2158 sibi
1232 2140 1264 2166 p,
1289 2134 1322 2158 ut
1342 2131 1368 2158 si
1395 2133 1425 2159 C.
1504 2134 1530 2159 4.
1550 2131 1712 2160 dic-eretur
1732 2134 1791 2160 Be-

146 2185 270 2218 raldus,
293 2185 417 2214 diceret
441 2186 471 2214 C.
581 2186 642 2212 5-6.
662 2184 979 2212 eius-*offensionem
1001 2192 1058 2212 om.
1079 2186 1121 2212 M.
1216 2187 1240 2213 7.
1261 2185 1322 2212 sibi
1344 2193 1400 2213 om.
1419 2186 1500 2213 PM.
1591 2189 1617 2214 9.
1637 2186 1793 2221 Pompeia

146 2239 459 2274 Kieasliny-Schoell,
476 2238 614 2274 pompeij
638 2239 672 2271 P,
690 2239 815 2273 pompei
838 2240 903 2266 SM.
959 2243 1000 2267 10.
1011 2239 1177 2274 quaesitor
1193 2248 1226 2302 ἐ),
1242 2240 1419 2274 qu(a)estor
1437 2241 1467 2268 C.
1524 2243 1565 2267 11.
1581 2242 1708 2268 creatur
1722 2242 1793 2268 SM.

146 2309 260 2340 habita
282 2311 382 2344 Cobet,
405 2310 519 2339 habuit
537 2312 567 2338 ('.
660 2310 693 2337 1..
708 2311 888 2343 Manutius,
912 2311 978 2339 GN.
998 2312 1027 2339 C.
1121 2314 1162 2339 12.
1182 2311 1384 2339 aenobarbus
1399 2313 1434 2345 P,
1458 2311 1656 2340 herobarbus
1671 2313 1701 2345 S,
1726 2320 1793 2340 ero-

146 2363 264 2393 bubus
284 2365 328 2393 Μ.
363 2363 471 2392 album
498 2365 598 2397 Cobet,
623 2363 760 2391 aliorum
786 2366 815 2391 C.
891 2367 932 2392 13.
953 2365 1019 2392 tale
1034 2366 1103 2398 SPl,
1128 2365 1211 2393 tales
1231 2366 1315 2392 P-’M
1392 2367 1432 2392 15.
1453 2366 1619 2400 postulans
1634 2367 1664 2399 S,
1687 2369 1793 2400 postu-

147 2417 195 2447 lin
214 2419 258 2446 M.
294 2420 344 2447 ost
364 2417 502 2453 Madviy'.
527 2426 584 2446 om.
609 2420 639 2446 C.
678 2418 774 2452 Appii
791 2419 833 2451 M,
857 2418 1002 2446 Claudiis
1021 2428 1051 2454 p,
1075 2418 1190 2446 clodiis
1216 2421 1245 2447 C.
1321 2422 1362 2446 16.
1383 2419 1467 2446 idem
1490 2421 1519 2447 S.
1586 2422 1626 2447 17.
1646 2420 1790 2455 itemque

147 2471 328 2506 Manutius,
350 2471 460 2506 itaque
486 2473 516 2500 C.
604 2474 646 2498 18.
667 2479 686 2499 a
705 2471 736 2498 C.
757 2470 900 2506 Cethego
918 2481 950 2507 p,
982 2480 1010 2500 a.
1031 2480 1056 2500 (·.
1077 2472 1181 2500 ceteio
1202 2474 1276 2505 SM,
1301 2472 1338 2510 ab
1358 2471 1451 2513 appio
1471 2476 1518 2513 pei
1539 2481 1566 2500 a.
1589 2482 1614 2501 c.
1629 2473 1732 2502 ceteio
1753 2475 1790 2502 P.

147 2528 180 2554 et
203 2526 234 2554 C.
253 2525 311 2553 dol.
327 2525 508 2553 Manutius.
583 2528 678 2552 18-19.
698 2525 812 2552 Fulvio
833 2525 954 2553 Nerato
975 2526 1122 2560 Poyyius,
1146 2525 1290 2554 fulvione
1312 2530 1381 2554 rato
1402 2528 1432 2554 C.
1506 2529 1548 2554 20.
1568 2527 1651 2561 quod
1672 2528 1790 2554 Manu-

147 2579 223 2613 eius,
246 2586 303 2607 om.
327 2579 358 2607 C.
423 2578 508 2613 quod
529 2579 676 2614 Poyyius.
744 2582 786 2606 21.
807 2579 846 2606 iri
863 2580 897 2612 P,
921 2579 953 2606 in
974 2581 1048 2607 SM.
1115 2583 1158 2607 22.
1178 2580 1362 2614 quaesitore
1378 2581 1457 2614 ΑΜ,
1481 2581 1675 2615 qu(a)estore
1695 2583 1719 2609 C
1733 2581 1791 2615 (ita

146 2632 244 2667 mooe).
317 2634 360 2660 23.
379 2631 453 2660 aulo
473 2633 504 2660 S.

146 2733 183 2769 p.
203 2725 296 2759 etc:
316 2722 383 2757 cfr.
401 2721 451 2758 Ci
465 2733 503 2758 c.
521 2723 574 2758 acl
591 2723 691 2767 fam.
709 2722 783 2758 VII
801 2723 833 2767 2,
848 2723 929 2758 2-3.
997 2735 1074 2769 pro
1102 2725 1228 2759 Flacc.
1255 2725 1313 2769 20,
1341 2725 1396 2759 46.

196 2783 241 2819 12
266 2782 399 2818 album
435 2792 593 2827 quoquc
627 2783 801 2818 iudicum
836 2787 930 2819 ctc.:
1051 2784 1097 2819 23
1123 2784 1169 2819 A.
1188 2784 1408 2830 Torquato:
1436 2785 1482 2820 A.
1506 2785 1675 2820 Manlius
1696 2785 1789 2820 Tor-

146 2843 236 2878 Dio
262 2842 333 2877 XL
351 2842 408 2887 52,
428 2842 466 2887 13
484 2841 674 2888 Cie.pr0
692 2843 778 2877 Mil.
798 2842 830 2887 2,
850 2842 928 2888 4-53
1004 2848 1166 2889 quatus3
1202 2845 1268 2880 cfr.
1296 2844 1392 2880 Cic.
1419 2845 1472 2880 ad
1504 2844 1604 2889 fam.
1631 2845 1684 2880 VI
1711 2845 1790 2889 1-4,

145 2902 180 2947 8,
198 2901 264 2946 213
289 2902 347 2946 38,
375 2902 453 2953 105.
1003 2903 1056 2938 ad
1080 2903 1160 2939 ΑΗ.
1186 2904 1219 2939 V
1248 2905 1278 2949 1,
1306 2905 1344 2949 53
1371 2904 1428 2949 21,
1457 2906 1518 2949 1ος
1545 2905 1598 2940 VI
1625 2905 1657 2950 1,
1684 2905 1725 2949 63
1746 2905 1791 2941 de

195 2962 240 2997 18
265 2972 289 2996 a
308 2961 352 2996 P.
379 2960 516 2996 Fulvio
543 2961 709 2997 Nerato:
737 2963 803 2997 cfr.
831 2961 929 2998 Cic.
1003 2962 1072 3007 fin.
1100 2962 1138 2998 II
1164 2963 1221 3008 22,
1248 2963 1304 2999 72.
