2300 3528
870 236 1165 275 PRAEFATIO
1786 237 1843 274 XI

261 336 270 342 ’
302 339 550 391 Alterum
591 341 790 390 codicis
848 341 1219 406 Sangallensis
1269 340 1658 406 apographum,
1699 340 1842 405 quod

194 428 427 482 confecit
465 430 914 480 Bartholomaeus
959 432 1024 480 de
1070 431 1537 496 Montepolitiano,
1581 432 1843 479 amissum

193 523 292 582 est,
337 519 430 569 sed
475 521 589 569 eius
629 521 905 586 exemplar
943 524 1124 569 exstat
1163 537 1195 569 a
1232 520 1452 568 librario
1485 519 1719 583 quodam
1767 521 1843 567 in-

191 610 504 660 doctissimo
542 613 931 676 transcriptum
968 609 1081 678 (cfr.
1123 609 1363 670 Clark,
1412 609 1576 662 ClasS.
1617 610 1842 670 Review,

191 716 242 766 p.
276 701 392 762 123,
427 701 596 768 1899).
673 704 756 749 est
793 700 963 749 codex
1001 700 1402 748 Laurentianus
1429 698 1574 759 LIV,
1606 702 1653 759 5,
1682 715 1844 747 mem-

190 786 505 851 bran'aceUS‚
534 792 695 840 02ὔο
714 792 967 860 gons,
996 790 1321 838 nitidissime
1362 791 1608 854 scrithS,
1638 792 1693 837 et
1723 805 1843 837 con-

192 882 304 928 stat
347 881 447 928 120
485 879 627 929 foliis
666 883 727 928 ut
765 879 1010 943 singulae
1061 881 1295 944 paginae
1334 881 1553 927 vicenas
1604 894 1843 927 novenas

191 968 363 1018 lineas
389 968 642 1018 habeant.
719 969 864 1018 haud
890 984 1011 1018 raro
1038 971 1396 1017 correctiones
1424 970 1479 1016 in
1507 984 1568 1016 eo
1597 969 1843 1016 invenias

190 1057 259 1107 ab
285 1074 347 1108 eo
374 1060 489 1124 ipso
516 1058 689 1107 factas
715 1061 808 1124 qui
834 1058 1074 1107 codicem
1102 1061 1364 1109 exaravit.
1441 1061 1655 1123 praeter
1681 1056 1843 1106 Asco-

190 1149 343 1196 nium
380 1151 436 1197 et
473 1148 679 1197 scholia
704 1150 761 1196 in
800 1148 1060 1198 Verrinas
1085 1146 1193 1212 (fol.
1230 1146 1383 1214 1-73)
1421 1150 1667 1196 continet
1704 1163 1844 1196 com-

190 1240 460 1288 mentaria
496 1222 763 1303 quaedam
801 1237 1033 1287 Antonii
1065 1238 1228 1286 Lusci
1268 1241 1323 1287 et
1362 1241 1617 1303 excerpta
1638 1253 1704 1286 ex
1732 1253 1843 1285 ora-

189 1327 429 1386 tionibus
491 1327 782 1377 Ciceronis.
879 1327 1330 1393 subscriptionem
1393 1327 1535 1376 hanc
1592 1326 1840 1376 exhibet:

190 1417 340 1468 Finis
357 1412 360 1415 ”
377 1421 813 1481 aryumentorum
857 1418 1198 1480 quarundam
1251 1417 1552 1467 orationum
1590 1416 1843 1466 ciceronis

190 1499 380 1557 eorum'
410 1522 510 1571 que
535 1507 835 1557 invenimus
873 1506 946 1557 iu
968 1507 1290 1557 Monasterio
1331 1496 1420 1560 Set·
1462 1507 1610 1559 Galli
1645 1507 1681 1569 ’ᾇ
1728 1507 1845 1556 lieet

190 1597 499 1660 imperfecta
548 1601 597 1646 et
638 1597 696 1647 in
741 1597 1101 1660 compluribus
1149 1597 1275 1646 locis
1313 1600 1578 1660 'corrupta
1626 1611 1735 1645 esse
1772 1596 1843 1645 vi-

190 1687 420 1737 deantur
465 1702 573 1737 uon
623 1688 937 1737 mediocrem
988 1691 1164 1736 tamen
1213 1688 1338 1736 bene
1385 1687 1712 1736 studentibus
1749 1701 1842 1750 po-

189 1780 367 1827 terunt
402 1777 682 1827 utilitatem
706 1781 913 1840 afferre.
990 1778 1094 1827 Die
1120 1779 1223 1827 XX
1233 1779 1279 1827 V
1294 1778 1434 1828 ,Μὴ
1458 1755 1839 1830 MCCCCXVJ.

189 1868 238 1917 B
273 1867 338 1916 de
374 1866 752 1931 motepolicicff).

297 1955 566 2018 Codicem,
609 1973 767 2022 quem
807 1959 917 2006 iam
956 1959 1012 2005 in
1052 1957 1237 2006 Orellii
1265 1974 1421 2006 usum
1446 1957 1692 2006 Hauthal
1723 1973 1843 2006 con-

189 2045 390 2096 tulerat
428 2050 483 2096 et
520 2046 854 2111 Kiesslingio
894 2046 1269 2112 Schoellioque
1307 2047 1627 2111 rogantibus
1666 2047 1843 2095 Hiller

189 2139 246 2185 et
269 2135 626 2186 Piccolomini
653 2140 1019 2198 excusserant,
1062 2136 1227 2186 Clark
1267 2141 1322 2185 et
1361 2137 1557 2202 Stangl
1584 2137 1652 2186 ad
1680 2136 1842 2186 Asco-

190 2221 341 2275 nium
354 2226 744 2275 recensendum
759 2243 929 2292 nuper
955 2226 1334 2276 adhibuerunt.
1400 2229 1514 2292 ipse
1536 2242 1679 2276 anno
1706 2229 1840 2276 1906

188 2318 366 2364 totum
391 2315 631 2365 codicem
658 2315 863 2365 contuli
889 2314 1000 2382 (cfr.
1043 2315 1111 2365 C.
1153 2315 1581 2377 GiarratanO,
1622 2318 1654 2366 I
1675 2316 1845 2366 codici

188 2405 458 2466 florentini
493 2405 552 2455 di
587 2405 815 2455 Asconio
853 2405 1108 2466 Pediano,
1149 2405 1376 2454 Firenze
1435 2404 1604 2473 1906),
1645 2408 1842 2454 iterum

191 2509 334 2544 anno
378 2496 510 2544 1917
552 2497 778 2561 inspexi.

296 2572 542 2634 Tertium
581 2585 857 2650 exemplar
895 2601 1002 2634 non
1055 2602 1121 2634 ex
1173 2584 1517 2650 Sangallensi
1556 2587 1688 2651 ipsc,
1731 2585 1839 2645 sed,

190 2675 252 2722 ut
299 2673 527 2735 videtur,
569 2690 636 2723 ex
687 2674 1058 2738 Sangallensis
1103 2676 1415 2740 apographo
1465 2675 1700 2740 quodam
1756 2675 1841 2723 de-

191 2764 408 2828 scripsit
433 2761 776 2824 SozomenUS,
800 2766 1092 2813 canonicus
1118 2764 1483 2814 Pistoriensis.
1560 2765 1729 2814 codex
1755 2765 1841 2814 Pi-

191 2853 343 2900 storii
369 2854 426 2900 in
451 2851 782 2902 bibliotheca
800 2853 1255 2918 Forteguerriana
1276 2855 1373 2903 sub
1401 2871 1451 2904 n.
1483 2857 1547 2903 37
1579 2858 1838 2904 servatur.

191 2944 274 2990 est
312 2941 644 3002 chartaceus,
684 2945 1115 3004 o.220><0.150‚
1157 2948 1212 2993 et
1250 2948 1466 2993 constat
1506 2946 1571 2992 72
1612 2944 1770 3004 foliis,
1812 2961 1839 2992 e
