2300 3528
368 587 413 623 45
427 588 496 622 1235

366 896 406 930 ὃ]
427 895 496 931 BC

528 258 573 292 56
1217 254 1464 292 ASCONIVS
1525 272 1539 276 ν

529 365 598 395 ea
638 356 785 395 voce
829 356 885 394 ut
934 365 1020 394 me
1066 352 1352 394 exaudire
1394 353 1572 407 possis
1606 378 1663 383 —-
1695 356 1841 407 tuas,
1883 354 2151 408 inquam,

528 430 900 484 suspiciones
931 429 1466 484 perhorrescimus.

616 507 837 549 Diximus
869 507 917 548 in
949 507 1241 561 Argumento
1263 506 1488 548 orationis
1510 507 1648 549 huius
1670 506 1751 549 Cn.
1778 507 2053 562 Pompeium
2057 538 2152 550 .....

529 584 774 626 simulasse
806 584 1039 638 timorem,
1072 596 1154 626 seu
1187 584 1327 638 plane
1365 583 1576 626 timuisse
1608 584 1844 638 Milonem,
1877 587 1925 626 et
1956 584 2062 627 ideo
2094 596 2154 627 ne

529 661 656 703 domi
689 661 880 715 quidem
912 673 1038 714 suae,
1071 660 1223 702 sedin
1255 660 1403 702 hortis
1433 661 1754 715 superioribus
1785 663 1894 703 ante
1925 659 2154 704 iudicium
2192 667 2214 703 5

531 737 770 791 mansisse,
813 737 879 779 ita
917 741 968 779 ut
1003 738 1169 780 villam
1202 749 1389 791 quoque
1431 737 1666 791 praesidio
1708 737 1912 780 militum
1953 738 2154 780 circum-

531 815 678 856 daret.
742 813 795 866 Q.
819 814 1069 869 Pompeius
1101 814 1248 857 Rufus
1273 817 1329 856 tr.
1357 815 1433 868 pL,
1466 814 1547 868 qui
1580 814 1735 856 fuerat
1761 813 2157 857 familiarissimus

531 892 741 934 omnium
774 891 821 933 P.
855 890 1017 933 Clodio
1060 894 1107 933 et
1147 894 1322 933 sectam
1357 891 1489 933 illam
1531 891 1664 945 sequi
1700 903 1750 933 se
1786 891 1942 945 palam
1970 891 2158 946 profite-

530 969 683 1022 batur,
717 968 906 1010 dixerat
936 969 984 1010 in
1017 968 1234 1010 contione
1271 968 1435 1022 paucis
1466 968 1568 1022 post
1599 968 1766 1010 diebus
1797 979 1940 1022 quam
1966 965 2157 1010 Clodius

489 1051 491 1054 “
531 1048 635 1087 erat
665 1045 871 1087 occisus:
918 1045 1046 1087 Milo
1094 1045 1249 1087 dedit
1289 1057 1448 1099 quem
1496 1044 1550 1086 in
1603 1044 1761 1086 curia
1806 1043 2155 1086 cremaretis:
2193 1053 2239 1088 10

531 1122 684 1164 dabit
714 1134 872 1176 quem
905 1123 961 1164 in
993 1121 1272 1176 Capitolio
1304 1121 1616 1176 sepeliatis.
1674 1122 1723 1163 in
1746 1121 1911 1163 eadem
1938 1120 2156 1163 contione

531 1199 657 1241 idem
689 1199 878 1241 dixerat
909 1224 966 1228 —
997 1198 1164 1240 habuit
1195 1198 1322 1240 enim
1355 1210 1460 1240 eam
1496 1210 1536 1239 a.
1571 1198 1613 1240 d.
1647 1197 1761 1240 VIII
1793 1197 1896 1240 Kal.
1928 1196 2065 1240 Febr.
2098 1221 2157 1228 -

531 1288 638 1318 cum
671 1276 782 1318 Milo
824 1275 992 1329 pridie,
1035 1275 1083 1317 id
1126 1278 1196 1317 est
1227 1275 1371 1317 VIIII
1397 1275 1500 1317 Kal.
1538 1274 1690 1328 Febr„
1733 1275 1901 1317 venire
1931 1274 1991 1316 ad
2022 1273 2155 1316 Pom-

531 1353 690 1407 peium
724 1353 772 1394 in
804 1353 962 1394 hortos
1003 1353 1105 1394 eius
1137 1352 1376 1405 voluisset,
1408 1352 1685 1406 Pompeium
1718 1351 1761 1394 ei
1799 1363 1885 1406 per
1914 1350 2155 1393 hominem

531 1430 848 1484 propinquum
875 1430 1055 1471 misisse
1079 1429 1297 1471 nuntium
1324 1441 1384 1471 ne
1416 1429 1475 1470 ad
1507 1441 1557 1471 se
1589 1429 1788 1471 veniret.
1850 1428 1982 1483 prius
2012 1427 2156 1470 etiam
2194 1437 2240 1473 15

531 1519 674 1561 quam
706 1507 956 1562 Pompeius
988 1509 1061 1548 ter
1092 1507 1255 1548 consul
1297 1509 1556 1560 crearetur,
1589 1509 1684 1548 tres
1716 1509 1787 1559 tr.,
1820 1504 1874 1558 Q.
1906 1504 2158 1560 Pompeius

533 1584 691 1638 Rufus,
725 1583 772 1626 O.
806 1584 1054 1626 Sallustius
1086 1583 1290 1638 Crispus,
1313 1584 1362 1625 Τ.
1390 1583 1627 1625 Munatius
1651 1583 1866 1637 Plancus,
1899 1593 2010 1625 cum
2041 1581 2156 1624 coti-

533 1661 686 1704 dianis
716 1661 1013 1703 contionibus
1043 1661 1139 1703 suis
1161 1673 1382 1715 magnam
1410 1660 1641 1703 invidiam
1667 1659 1829 1702 Miloni
1861 1660 2054 1714 propter
2082 1670 2156 1701 oc-

533 1738 681 1780 cisum
705 1737 920 1780 Clodium
943 1738 1221 1791 excitarent,
1244 1737 1569 1792 produxerant
1589 1737 1649 1779 ad
1670 1736 1896 1791 populum
1919 1734 2002 1778 Cn.
2024 1734 2156 1778 Pom-

534 1815 693 1869 peium
731 1819 778 1857 et
833 1815 892 1857 ab
942 1827 996 1856 eo
1038 1815 1340 1869 quaesierant
1379 1827 1493 1856 num
1535 1814 1594 1856 ad
1637 1825 1746 1855 eum
1789 1813 2006 1855 delatum
2035 1813 2158 1854 esset
2193 1821 2240 1858 20

534 1891 661 1933 illius
702 1904 888 1945 quoque
926 1891 1001 1933 rei
1046 1891 1290 1944 indicium,
1331 1903 1444 1933 suae
1491 1890 1618 1932 vitae
1665 1889 1880 1932 insidiari
1918 1888 2156 1931 Milonem.

535 1969 841 2022 responderat
878 1968 1150 2022 Pompeius:
1191 1967 1427 2009 Licinium
1471 1967 1708 2022 quendam
1740 1966 1798 2008 de
1835 1965 1974 2021 plebe
2009 1964 2156 2008 sacri-

535 2046 742 2098 ficulum,
775 2045 855 2099 qui
888 2045 1051 2087 solitus
1094 2047 1215 2087 esset
1252 2045 1456 2087 familias
1497 2056 1715 2099 purgare,
1757 2043 1818 2085 ad
1853 2055 1903 2086 se
1933 2041 2156 2085 detulisse

534 2135 696 2165 servos
727 2122 953 2176 quosdam
986 2122 1171 2163 Milonis
1202 2122 1410 2175 itemque
1436 2121 1630 2163 libertos
1650 2122 1945 2175 comparatos
1969 2130 2070 2162 esse
2096 2118 2155 2160 ad

535 2200 729 2241 caedem
761 2211 909 2252 suam,
937 2199 1129 2240 nomina
1154 2210 1340 2253 quoque
1367 2210 1613 2240 servorum
1646 2196 1872 2250 edidisse;
1903 2208 1951 2239 se
1983 2196 2042 2238 ad
2073 2195 2156 2237 Mi·
2193 2206 2239 2242 25

534 2277 691 2318 lonem
733 2276 913 2318 misisse
961 2278 1118 2318 utrum
1166 2275 1215 2317 in
1263 2277 1490 2329 potestate
1536 2287 1622 2317 sua
1657 2274 1879 2326 haberet3
1926 2285 1954 2315 a
1983 2272 2157 2315 Milone

623 2424 647 2448 3.
661 2421 841 2455 pompeium
944 2441 950 2447 .
961 2441 968 2448 .
979 2440 1003 2447 ..
1018 2422 1047 2453 S,
1070 2420 1207 2454 pompeii
1333 2421 1374 2452 M,
1398 2419 1578 2454 pompeium
1592 2420 1626 2446 Ρ.
1697 2421 1723 2447 4.
1738 2418 1884 2446 tiinorem
1898 2418 1973 2451 SM,
1997 2417 2110 2446 timere
2123 2418 2157 2445 P.

534 2476 559 2502 7.
579 2474 678 2502 Rufus
692 2483 721 2509 p,
744 2474 806 2501 fuit
824 2475 853 2501 C.
925 2476 950 2500 8.
964 2473 1053 2500 illam
1069 2474 1188 2507 Statim,
1206 2480 1295 2500 suam
1316 2474 1346 2500 C.
1401 2472 1526 2506 insequi
1546 2474 1576 2500 C.
1649 2474 1673 2499 9.
1686 2473 1758 2506 post
1769 2470 1880 2505 paucis
1894 2471 1972 2498 PM.
2045 2472 2086 2498 10.
2099 2469 2157 2498 mi-

534 2528 640 2555 lonem
661 2527 733 2554 dedi
754 2528 783 2554 S.
839 2529 1005 2554 cremaret.
1024 2526 1051 2553 is
1072 2528 1099 2553 S.
1200 2529 1241 2553 11.
1261 2525 1351 2553 dabit
1370 2526 1452 2558 Rau,
1476 2525 1557 2552 dabo
1581 2526 1611 2553 C.
1711 2527 1752 2552 12.
1771 2523 1811 2552 ad
1831 2525 1911 2551 MP.
2001 2525 2043 2551 13.
2061 2522 2158 2551 vm1

535 2582 659 2613 Schmz,
682 2580 760 2607 VIII
781 2581 811 2610 S.
834 2579 895 2606 VII
915 2580 995 2606 PM.
1104 2582 1145 2606 14.
1165 2578 1273 2606 hortos
1302 2579 1481 2611 Manutius,
1515 2577 1592 2606 ortis
1613 2579 1641 2605 S.
1751 2579 1791 2604 17.
1811 2576 1850 2603 T.
1866 2576 2045 2610 Manutius,
2068 2575 2103 2604 L.
2126 2576 2157 2604 C.

536 2636 630 2661 17-18.
650 2633 808 2660 clodianis
828 2635 857 2660 S.
931 2635 1025 2660 18-19.
1044 2632 1184 2660 occisum
1205 2632 1234 2664 S,
1257 2640 1276 2671 o
1296 2633 1330 2664 P,
1354 2639 1409 2658 om.
1430 2633 1472 2658 M.
1545 2634 1586 2658 21.
1606 2630 1651 2658 rei
1673 2631 1853 2663 Mommsen,
1876 2637 1933 2657 om.
1956 2630 1987 2657 C.
2058 2631 2101 2657 22.
2119 2629 2158 2657 li-

535 2686 677 2715 cinnium
698 2687 721 2714 S
729 2687 788 2713 Ml.
860 2688 955 2713 22-23.
976 2685 1191 2713 sacrificulum
1212 2685 1391 2717 Manutius,
1415 2684 1632 2712 sacrificorum
1657 2684 1687 2711 C.
1771 2685 1813 2710 24.
1832 2682 1966 2710 libertos
1987 2682 2152 2715 Graevius,

535 2740 654 2768 liberos
679 2741 708 2767 C.
782 2742 823 2766 25.
841 2739 979 2767 edidisse
994 2740 1088 2772 lune„
1107 2738 1211 2766 edisse
1230 2740 1260 2765 (f.
1315 2745 1348 2765 se
1364 2738 1485 2771 Baiter,
1509 2745 1565 2764 om.
1580 2739 1610 2764 C.
1682 2738 1725 2764 26.
1742 2738 1845 2763 utrum
1863 2737 1965 2769 Clark,
1987 2737 2023 2763 ut
2036 2742 2108 2763 eum
2125 2736 2156 2763 G.
2179 2730 2181 2732 ’

534 2793 667 2821 haberet
687 2812 780 2821 ......
800 2794 832 2827 (8
853 2793 911 2820 litt.
931 2792 981 2826 M)
1006 2794 1035 2820 c.
1946 2791 1948 2794 ·

585 2918 603 2950 1
631 2920 728 2960 tuas,
754 2917 912 2961 inquam
941 2919 1034 2951 etc:
1062 2915 1218 2957 Quint.
1258 2914 1309 2949 IV
1431 2915 1475 2949 14
1500 2924 1569 2959 per
1586 2913 1781 2947 hominem
1802 2913 2082 2958 propinquum:
2102 2922 2154 2947 sc.

536 2976 568 3021 1,
594 2975 650 3011 c20.
1383 2973 1422 3009 C.
1449 2973 1622 3008 Lucilius
1647 2972 1795 3007 Hirrus.
