2300 3528
368 1369 413 1404 33
431 1370 499 1405 KS

404 1523 499 1558 358

399 1676 444 1712 39
459 1678 495 1711 R

400 1901 499 1936 380

540 272 585 307 42
1226 267 1472 304 ASCONIVS

540 368 631 408 iter
662 366 888 408 facientes
919 364 1263 419 supervenisse,
1282 376 1391 406 cum
1414 362 1604 407 Clodius
1621 365 1930 420 occideretur,
1953 368 2001 408 et
2030 367 2089 409 ob
2111 366 2160 410 id

539 455 647 485 cum
679 442 1063 496 proclamassent,
1087 441 1306 495 abreptos
1341 443 1388 482 et
1419 441 1670 495 perductos
1696 442 1746 483 in
1777 442 1943 484 villam
1974 442 2161 486 Milonis

538 530 623 573 per
638 518 754 559 duos
772 529 956 559 menses
975 517 1245 571 praeclusos
1263 517 1423 570 fuisse3
1448 529 1597 571 eaque
1619 530 1693 560 res
1709 530 1792 560 seu
1811 530 1927 560 vera
1942 530 2026 560 seu
2042 518 2161 562 falsa

538 606 759 648 magnam
802 594 1033 636 invidiam
1076 593 1238 634 Miloni
1271 595 1586 636 contraxerat.
1670 594 1891 649 idemque
1923 594 2161 638 Munatius

537 674 585 712 et
614 670 865 725 Pompeius
906 670 1084 712 tribuni
1107 670 1169 724 pl.
1209 670 1259 711 in
1291 670 1457 712 Rostra
1492 670 1816 724 produxerant
1851 671 2159 714 triumvirum

537 747 802 801 capitalem,
837 759 1040 800 eumque
1073 747 1487 800 interrogaverant
1518 759 1578 790 an
1605 746 1821 789 Galatam
1847 747 2034 790 Milonis
2063 759 2158 791 ser-

537 836 651 866 vum
693 824 863 865 caedes
895 823 1148 865 facientem
1181 823 1579 877 deprehendisset.
1643 824 1724 865 ille
1756 824 2069 867 dormientem
2108 825 2159 868 in

536 901 734 942 taberna
772 913 856 954 pro
900 899 1098 953 fugitivo
1142 899 1426 953 prehensum
1469 903 1515 942 et
1557 900 1616 942 ad
1649 912 1698 942 se
1734 900 2016 954 perductum
2057 912 2159 944 esse

536 977 853 1031 responderat.
917 977 1317 1019 denuntiaverant
1354 978 1512 1018 tamen
1555 977 1820 1031 triumviro,
1865 989 1926 1020 ne
1966 989 2158 1020 servum

535 1053 820 1095 remitteret:
863 1053 943 1095 sed
981 1056 1168 1107 postera
1209 1054 1286 1095 die
1323 1052 1510 1095 Caelius
1547 1056 1602 1095 tr.
1636 1054 1697 1108 pl.
1732 1056 1779 1095 et
1808 1054 2029 1096 Manilius
2069 1053 2157 1097 Cu-

535 1143 701 1173 manus
734 1131 916 1184 collega
958 1131 1059 1172 eius
1101 1133 1315 1185 ereptum
1349 1142 1374 1172 e
1407 1131 1544 1172 domo
1576 1130 1818 1173 triumviri
1850 1143 2043 1174 servum
2074 1131 2158 1174 Mi·

534 1208 629 1249 loni
663 1208 980 1249 reddiderant.
1043 1207 1175 1260 haec,
1209 1207 1297 1249 etsi
1328 1207 1508 1249 nullam
1531 1207 1589 1249 de
1622 1207 1695 1250 his
1726 1208 2006 1250 criminibus
2027 1220 2158 1251 men-

533 1285 709 1327 tionem
743 1285 854 1326 fecit
895 1283 1073 1337 Cicero,
1123 1287 1295 1338 tamen,
1334 1285 1446 1338 quia
1492 1285 1558 1325 ita
1609 1296 1948 1339 compereram,
1990 1285 2157 1340 putavi

534 1362 825 1415 exponenda.
890 1361 1015 1403 inter
1035 1361 1211 1415 primos
1243 1364 1290 1402 et
1311 1359 1364 1413 Q.
1397 1361 1647 1415 Pompeius
1678 1364 1725 1403 et
1756 1360 1804 1403 C.
1831 1361 2080 1404 Sallustius
2110 1364 2159 1404 et

532 1438 581 1479 T.
600 1438 837 1479 Munatius
853 1438 1054 1479 Plancus
1080 1431 1259 1479 tribuni
1286 1438 1346 1492 pl.
1366 1438 1715 1480 inimicissimas
1741 1439 1983 1481 contiones
1999 1439 2058 1481 de
2073 1439 2155 1481 Mi-

532 1515 639 1556 lone
672 1515 922 1568 habebant,
956 1515 1214 1556 invidiosas
1246 1515 1388 1556 etiam
1420 1515 1478 1556 de
1511 1514 1752 1569 Cicerone,
1785 1516 1910 1570 quod
1934 1515 2157 1558 Milonem

532 1593 660 1632 tanto
692 1591 844 1632 studio
877 1591 1165 1632 defenderet.
1228 1593 1426 1645 eratque
1459 1591 1668 1633 maxima
1700 1604 1809 1646 pars
1840 1592 2158 1635 multitudinis

533 1666 749 1724 [Ipopulifl
774 1668 957 1709 infensa
974 1679 1066 1709 non
1092 1668 1242 1709 solum
1264 1668 1440 1721 Miloni,
1463 1668 1543 1710 sed
1567 1668 1709 1710 etiam
1736 1671 1928 1723 propter
1947 1669 2155 1712 invisum

531 1745 844 1799 patrocinium
864 1743 1093 1786 Ciceroni.
1153 1743 1317 1799 'postea
1337 1745 1587 1799 Pompeius
1609 1748 1655 1787 et
1671 1745 1918 1788 Sallustius
1939 1746 1988 1788 in
2009 1746 2155 1801 suspi-

531 1821 715 1862 cionem
749 1821 939 1862 fuerunt
972 1821 1148 1862 redisse
1171 1821 1219 1862 in
1241 1820 1443 1874 gratiam
1477 1832 1584 1862 cum
1611 1821 1784 1863 Milone
1816 1833 1873 1863 ac
1903 1819 2155 1874 Cicerone3

530 1897 731 1938 Plancus
759 1900 916 1938 autem
940 1897 1239 1939 infestissime
1262 1897 1478 1950 perstitit,
1502 1900 1642 1950 atque
1665 1897 1714 1938 in
1741 1896 2018 1940 Ciceronem
2043 1909 2154 1951 quo-

531 1986 621 2028 que
655 1974 1006 2015 multitudinem
1029 1974 1286 2027 instigavit.
1358 1973 1439 2016 Cu.
1461 1973 1682 2027 Pompeio
1704 1976 1861 2015 autem
1885 1975 2154 2029 suspectum

530 2051 734 2093 faciebat
764 2051 1000 2104 Milonem,
1029 2051 1088 2092 ad
1121 2050 1382 2104 perniciem
1415 2050 1516 2092 eius
1548 2051 1814 2105 comparari
1847 2050 1946 2094 vim
1979 2050 2153 2094 vocife—

530 2130 700 2174 ratusa,
723 2126 1066 2180 Pompeiusque
1109 2126 1166 2168 ob
1210 2138 1266 2167 ea
1305 2126 1491 2180 saepius
1523 2126 1814 2180 querebatur
1843 2126 1933 2168 sibi
1966 2137 2154 2181 quoque

530 2204 631 2245 fieri
665 2203 871 2257 insidias,
905 2207 951 2244 et
982 2203 1030 2244 id
1062 2203 1234 2257 palam,
1257 2215 1314 2244 ac
1349 2203 1528 2244 maiore
1552 2215 1695 2245 manu
1717 2215 1765 2245 se
1793 2203 2022 2245 armabat.
2086 2203 2152 2245 di-

529 2283 724 2336 cturum·
759 2292 946 2334 quoque
988 2280 1114 2321 diem
1158 2278 1373 2321 Ciceroni
1415 2279 1617 2322 Plancus
1663 2280 1945 2334 ostenderat,
1991 2282 2155 2334 postea

618 2375 641 2399 1.
662 2372 883 2406 supervenisse
904 2372 1083 2405 Manutius,
1107 2371 1364 2405 insupervenisse
1390 2372 1419 2399 C.
1497 2374 1556 2399 2-3.
1576 2372 1744 2406 perductos
1763 2371 1796 2399 in
1816 2371 1927 2399 villam
1947 2371 2079 2400 Milonis
2097 2379 2154 2406 per

529 2424 607 2452 duos
626 2432 752 2452 menses
777 2426 878 2458 Clark,
908 2424 1076 2458 perductos
1097 2431 1152 2458 per
1173 2424 1250 2451 duos
1270 2431 1396 2451 menses
1416 2424 1449 2450 in
1470 2424 1581 2451 villani
1605 2424 1735 2452 Milonis
1759 2425 1789 2452 C.
1897 2426 1922 2452 3.
1940 2424 2105 2458 pei-clusos
2123 2426 2154 2453 S.

528 2480 552 2505 4.
572 2478 734 2505 Munatius
755 2479 835 2509 Ven..
859 2477 1020 2504 numatius
1038 2478 1067 2504 C.
1140 2479 1164 2504 5.
1183 2477 1399 2511 produxerant
1419 2478 1500 2511 Ven„
1523 2477 1737 2511 perduxerant
1755 2478 1785 2505 C.
1856 2479 1881 2504 6.
1901 2477 2106 2511 compitalem
2118 2478 2153 2505 P.

528 2531 639 2558 miloni
662 2532 734 2558 SM.
809 2533 850 2558 10.
870 2529 998 2558 Caelius
1018 2530 1183 2562 Lodolcus,
1207 2530 1340 2558 cecilius
1359 2532 1388 2558 α.
1461 2533 1556 2558 10-11.
1576 2537 1727 2558 camanus
1741 2531 1818 2557 ΡΥ.
1892 2533 1934 2558 12.
1946 2529 2154 2558 reddiderant

529 2585 662 2619 Sauppe,
687 2584 893 2611 reddiderunt
917 2584 946 2611 C.
1002 2583 1062 2610 etsi
1083 2583 1248 2616 Lodoicus,
1272 2586 1304 2610 ct
1328 2585 1357 2611 C.
1431 2586 1472 2610 14.
1492 2583 1651 2610 Salustius
1675 2584 1699 2611 G
1717 2583 1765 2617 (ut
1784 2583 1927 2618 semper).
2011 2585 2054 2611 16.
2071 2583 2153 2611 invi-

528 2637 635 2664 diosas
656 2637 833 2669 Manutius,
857 2635 1012 2663 invidiam
1038 2637 1067 2663 C.
1140 2638 1181 2662 17.
1202 2637 1332 2669 cratque
1354 2636 1533 2669 Manutius,
1557 2637 1652 2669 atque
1677 2636 1706 2663 C.
1792 2638 1833 2662 18.
1852 2635 1961 2670 populi
1980 2635 2149 2670 SMPmy„

528 2691 584 2717 del.
604 2690 781 2716 Manutius.
845 2689 973 2716 irrisum
994 2690 1067 2715 SM.
1177 2690 1217 2715 19.
1237 2688 1450 2722 patrocinium
1470 2688 1617 2716 Ciceroni
1637 2689 1802 2721 Hotoman,
1834 2688 1998 2716 Ciceronis
2017 2688 2153 2722 patroci-

528 2743 615 2770 nium
640 2744 670 2770 (J.
743 2745 784 2769 22.
804 2742 857 2769 Cn.
878 2743 1059 2774 Buecheler,
1083 2749 1140 2768 om.
1167 2743 1196 2768 C.
1270 2743 1311 2769 23.
1332 2742 1510 2775 comparari
1527 2741 1591 2768 vim
1612 2742 1790 2775 Manutius,
1814 2741 2013 2776 comparavit
2025 2748 2097 2769 eum
2121 2742 2151 2769 C.

528 2816 623 2841 24-25.
643 2813 711 2840 fieri
733 2813 794 2840 sibi
815 2820 938 2846 quoque
959 2813 992 2839 P.
1083 2814 1178 2839 25-26.
1194 2785 1353 2852 dictgrum
1375 2813 1409 2845 P,
1440 2812 1596 2840 dicturum
1618 2813 1660 2845 M,
1690 2812 1846 2843 (lictorum
1867 2813 1897 2839 S.
1986 2813 2028 2839 26.
2048 2813 2151 2840 osten·

527 2867 618 2894 derat
638 2867 738 2899 Halm,
762 2865 950 2893 ostendebat
974 2866 1003 2892 (ζ

576 2940 619 2972 14
646 2938 685 2973 C.
701 2938 925 2973 Sallustius:
943 2937 983 2973 C.
1001 2936 1207 2972 Sallustius
1226 2937 1302 2972 Cri·
1376 2938 1497 2972 simus
1533 2940 1670 2972 auctor
1701 2937 1825 2980 (Tac.
1861 2947 1954 2971 mm.
1993 2935 2053 2971 III
2076 2935 2148 2980 30).

528 3008 631 3042 spus,
659 3007 786 3031 rerum
819 2996 1080 3031 Romanarum
1117 2996 1303 3030 florentis-
1424 2997 1466 3032 21
1502 2996 1671 3031 Plancus
1721 2998 1852 3030 autem
1900 2995 2149 3031 infestissime

2195 1062 2241 1098 10

2194 1452 2240 1488 15

2192 1823 2239 1859 20

2190 2206 2237 2241 25
