2300 3528
531 257 575 292 66
1165 269 1168 274 ·
1217 260 1464 299 ASCONIVS

532 354 612 407 qui
644 355 903 408 plurimum
936 356 985 398 in
1004 360 1177 399 vsena-tu
1203 361 1433 413 poterant,
1456 359 1510 412 Q.
1537 360 1826 417 Hortensius,
1860 360 1913 414 Q.
1934 359 2153 418 Catulus,

531 429 584 482 Q.
618 431 835 474 Metellus
865 433 988 487 Pius,
1015 434 1072 476 M.
1099 435 1338 490 Lucullus,
1365 436 1438 478 M’.
1465 437 1682 491 Lepidus.
1746 438 1971 481 dixerunt
1994 441 2154 482 autem

399 511 440 545 61
465 510 497 546 C
529 508 642 550 hoc:
681 509 855 552 vidisse
889 522 938 552 se
987 523 1095 552 cum
1146 511 1392 555 Cornelius
1438 513 1487 556 in
1534 514 1778 557 tribunatu
1825 515 2038 558 codicem
2068 527 2154 571 pro

528 583 704 626 Rostris
751 586 850 640 ipse
898 587 1134 641 recitaret,
1182 590 1306 642 quod
1338 592 1447 631 ante
1495 589 1765 633 Cornelium
1812 604 1950 634 nemo
1988 591 2153 635 fecisse

530 661 896 705 existimaretur.
960 665 1185 707 volebant
1210 666 1364 708 videri
1391 679 1440 709 se
1466 667 1679 710 iudicare
1702 681 1807 710 eam
1834 681 1935 711 rem
1961 680 2152 723 magno·-
2182 674 2212 710 r5

528 749 642 791 pere
674 739 734 780 ad
767 740 949 782 crimen
976 741 1255 784 imminutae
1282 743 1540 786 maiestatis
1571 745 1855 787 tribuniciae
1886 745 2126 800 pertinere
2134 757 2150 799 ,·

529 815 704 862 etenim
736 828 881 871 prope
914 818 1169 860 tollebatur
1199 819 1486 874 intercessio,
1524 821 1562 862 si
1598 821 1646 863 id
1678 821 1885 869 tribunis,
1911 822 2150 876 permitte-

528 893 672 933 retur.
746 905 840 934 non
873 896 1057 947 poterat
1088 897 1254 938 orator
1296 909 1472 950 negare
1516 897 1564 938 id
1606 898 1784 939 factum
1826 898 2065 952 esse,·sed
2095 910 2151 941 eo

395 979 436 1014 61
454 979 490 1014 Β
527 970 750 1024 confugit,
772 973 824 1012 ut
855 972 1036 1014 diceret
1057 985 1149 1015 non
1173 974 1291 1028 ideo,
1315 975 1439 1028 quod
1461 975 1610 1017 lectus
1642 976 1702 1017 sit
1722 975 1872 1018 codex
1893 988 1923 1017 a
1947 976 2150 1030 tribuno,

525 1047 826 1090 imminutam
875 1061 975 1091 esse
1022 1050 1326 1092 tribuniciam
1374 1053 1665 1105 potestatem.
1748 1065 1843 1106 qua
1887 1064 2002 1096 vero
2049 1055 2152 1096 arte
2188 1060 2234 1106 10

525 1126 572 1166 et
592 1125 791 1167 scientia
807 1127 1044 1180 orationis,
1062 1127 1129 1169 ita
1152 1130 1203 1169 ut
1219 1130 1266 1170 et
1282 1128 1561 1182 dignitatem
1579 1122 2151 1175 clarissimorum-civium

525 1204 690 1246 contra
721 1214 836 1256 quos
862 1203 1052 1251 dicebat
1073 1216 1166 1246 non
1189 1205 1404 1258 violaret,
1428 1207 1474 1247 et
1495 1207 1655 1247 tamen
1674 1206 1961 1248 auctoritate
1987 1218 2151 1259 eorum

523 1278 649 1320 laedi
681 1291 816 1321 reum
848 1292 942 1322 non
973 1284 1230 1335 pateretur,
1263 1284 1534 1336 quantaque
1567 1283 1888 1325 moderatione
1919 1295 2022 1326 rem
2053 1285 2151 1326 tam

524 1356 767 1399 difficilem
800 1357 906 1399 aliis
939 1359 1219 1401 tractaverit
1251 1360 1391 1402 lectio
1422 1360 1525 1414 ipsa
1556 1360 1828 1403 declarabit.
1907 1361 2150 1414 adiumenf

361 1423 490 1507 5251}
524 1435 623 1475 tum
656 1436 816 1476 autem
862 1435 1030 1477 habuit
1075 1437 1213 1490 quod,
1247 1437 1369 1479 sicut
1405 1437 1625 1491 diximus,
1675 1436 1920 1480 Cornelius
1959 1439 2158 1492 praeter⁴
2187 1446 2233 1482 15

523 1511 799 1554 destrictum
833 1513 1122 1567 propositum
1168 1514 1314 1555 animi
1364 1515 1593 1557 adversus
1633 1515 1903 1570 principum
1934 1515 2148 1558 volunta-

523 1590 618 1630 tem
652 1591 812 1631 cetera
844 1589 944 1631 vita
970 1590 1090 1631 nihil
1122 1590 1302 1632 fecerat
1327 1592 1451 1645 quod
1478 1604 1764 1646 magnopere
1796 1592 2148 1647 inprobaretur÷3

522 1668 772 1719 praeterea
803 1667 927 1720 quod
961 1669 1008 1708 et
1053 1667 1152 1721 ipse
1201 1667 1429 1710 Globulus
1475 1669 1556 1722 qui
1605 1669 1940 1712 intercesserat
1984 1669 2150 1723 aderat

523 1741 753 1797 Cornelio,
787 1744 833 1785 et
862 1768 920 1772 —-
952 1744 1076 1797 quod
1109 1744 1261 1798 ipsum
1299 1757 1485 1799 quoque
1533 1746 1741 1788 diximus
1776 1770 1834 1775 —
1868 1746 1992 1800 quod
2038 1744 2147 1788 Cor?

522 1820 676 1861 nelius
716 1819 927 1874 Pompeii
973 1820 1132 1874 Magni
1174 1824 1395 1875 quaestor
1440 1822 1607 1876 fuerat,
1656 1823 1781 1876 apud
1823 1822 1939 1864 duas
1980 1823 2147 1877 partes
2182 1831 2229 1867 20

521 1909 604 1939 reo
642 1898 865 1951 proderat
911 1898 1123 1952 equitum
1156 1898 1206 1940 R.
1241 1901 1288 1940 et
1318 1899 1623 1941 tribunorum
1664 1900 1976 1942 aerariorum
2009 1902 2056 1942 et
2086 1911 2146 1942 ex

521 1975 662 2016 tertia
707 1987 893 2029 quoque
941 1978 1074 2029 parte
1120 1977 1399 2018 senatorum
1446 1977 1570 2030 apud
1626 1977 1887 2031 plerosque,
1936 1977 2146 2032 exceptis

520 2051 578 2093 iis
610 2052 692 2109 qui
723 2053 867 2094 erant
906 2053 1164 2095 familiares
1204 2054 1474 2108 principum
1516 2054 1734 2096 civitatis.
1828 2066 1903 2096 res
1933 2055 2040 2096 acta
2076 2056 2147 2096 est

584 2208 585 2211 =
610 2199 634 2224 2.
653 2197 688 2224 L.
710 2196 862 2225 Lucullus
882 2199 915 2225 P.
971 2198 1021 2226 M⁷.
1043 2199 1220 2232 ManutiuS,
1244 2199 1284 2226 M.
1303 2200 1338 2232 Ρ,
1362 2199 1382 2226 l.
1401 2199 1474 2227 SM.
1576 2201 1601 2227 5.
1621 2199 1830 2227 extimaretur
1847 2200 1893 2232 P„
1979 2201 2005 2227 7.
2024 2198 2143 2227 etenim

519 2250 700 2283 Manutius,
725 2252 756 2277 et
776 2258 847 2277 cum
872 2251 901 2278 C.
957 2251 1127 2279 intercessi
1147 2252 1176 2279 S.
1249 2255 1273 2279 8.
1294 2254 1400 2279 orator
1419 2252 1548 2285 Rinkes,
1572 2259 1628 2279 om.
1651 2253 1696 2280 C.·
1736 2251 1791 2279 sed
1812 2258 1848 2280 eo
1864 2251 1994 2285 Rinkes,
2015 2251 2044 2279 is
2059 2258 2095 2281 eo
2113 2252 2144 2281 C.

519 2305 544 2329 9.
565 2310 626 2330 non
646 2303 719 2330 ideo
741 2304 824 2337 quod
845 2304 1009 2338 Lodoicus,
1042 2312 1104 2333 non
1133 2305 1227 2333 video
1251 2313 1312 2339 quo
1340 2306 1370 2333 0.
1479 2307 1521 2332 13.
1541 2313 1694 2333 enm-non
1713 2306 1744 2332 S.
1846 2307 1893 2332 14.
1913 2304 2092 2335 declaravit
2114 2306 2144 2334 C.

520 2376 562 2401 16.
584 2374 684 2401 animi
704 2374 857 2402 adversus
877 2376 1187 2409 messum-schoah
1212 2375 1454 2403 animadversus
1474 2376 1504 2409 S,
1528 2375 1681 2404 adversus
1699 2377 1777 2404 PM.
1858 2378 1900 2403 17.
1919 2365 2079 2410 improba]
2096 2376 2140 2410 M,

519 2427 782 2462 improbabantur
802 2429 830 2456 S.
917 2432 959 2456 18.
979 2428 1126 2462 globolus
1146 2429 1175 2456 S.
1230 2429 1458 2456 intercesserat
1477 2430 1656 2463 Manutius,
1679 2449 1755 2457 .....
1765 2430 1852 2457 serat
1872 2429 1901 2457 C.
1964 2430 2016 2457 19.
2036 2436 2144 2458 corne-

518 2480 581 2507 lius
601 2482 631 2508 S.
687 2482 719 2508 et
737 2479 906 2514 Hotoman,'
926 2489 981 2508 om.
1006 2482 1035 2509 C.
1144 2484 1186 2508 20.
1205 2481 1342 2516 pompeij
1364 2483 1399 2514 P,
1423 2501 1518 2509 ......
1539 2483 1622 2509 SM·
1672 2481 1750 2509 (luas
1770 2484 1877 2516 partes
1897 2488 1951 2509 reo
1970 2482 2144 2509 Buecheler

515 2538 689 2569 praeeunte
709 2535 860 2569 Sauppio,
884 2534 962 2562 (luas
983 2555 1094 2562 .......
1114 2536 1137 2562 S
1145 2536 1179 2567 P,
1204 2535 1281 2562 duos
1291 2555 1403 2562 .......
1424 2536 1466 2562 M.
1549 2538 1590 2562 21.
1609 2523 1758 2569 proderat
1777 2536 1959 2569 Buecheler,
1981 2534 2143 2569 praeferat

518 2588 593 2621 SM,
616 2587 814 2622 prefecturas
833 2589 867 2615 P.
923 2588 1120 2615 tribunoruin
1142 2588 1339 2615 aerariorum
1359 2589 1482 2622 Baiter,
1507 2587 1632 2616 tribuno
1652 2595 1659 2616 .
1671 2608 1766 2615 ......
1786 2589 1860 2622 SM,
1885 2588 2011 2616 tribuno
2065 2607 2142 2615 .....

518 2661 525 2668 .
536 2661 542 2667 .
554 2661 560 2667 .
574 2642 608 2668 Ρ.
681 2644 776 2668 21-22.
793 2641 933 2669 extertia
945 2642 979 2674 P,
997 2643 1131 2669 externa
1144 2642 1186 2668 M.
1259 2644 1301 2668 22.
1315 2643 1498 2669 senatorum
1511 2642 1820 2676 Kiesslinq-Schoell,
1838 2661 1932 2670 ......
1945 2642 2011 2676 SP,
2028 2649 2085 2669 om.
2099 2638 2142 2669 Μ.

519 2696 605 2721 22-23
626 2694 770 2728 exceptis
790 2694 830 2722 iis
850 2693 1017 2728 quierant
1036 2695 1174 2729 Madvig,
1199 2694 1361 2729 extepisus
1383 2695 1539 2729 (exceptis
1558 2694 1599 2728 ijs
1618 2695 1653 2728 P,
1675 2695 1821 2729 'exceptis
1841 2691 1891 2724 his
1909 2695 1956 2731 M)
1976 2715 2088 2724 .......
2111 2695 2141 2723 C.

519 2749 560 2775 23.
580 2747 758 2775 familiares
778 2748 915 2782 Madvig),
940 2747 1111 2775 familiaris
1136 2748 1165 2776 C.
1221 2749 1293 2775 acta
1314 2750 1363 2775 est
1381 2749 1416 2781 P,
1440 2750 1514 2776 acta
1533 2749 1582 2775 est
1600 2749 1642 2775 ..’.
1654 2768 1729 2775 .....
1751 2749 1793 2782 M,
1816 2768 1910 2776 ......
1929 2750 1959 2777 S.

564 2870 670 2905 10-11
683 2881 863 2915 quavero
876 2874 960 2907 arte
975 2872 1195 2907 et-scientia
1209 2862 1291 2906 ora·
1364 2872 1450 2917 1083
1478 2873 1533 2917 70,
1559 2872 1644 2917 2323
1684 2857 1725 2914 Q.
1757 2872 1855 2908 Cic.
1875 2875 1952 2918 pet.
1978 2883 2079 2908 cons.
2106 2873 2140 2909 V

519 2931 635 2966 tionis
662 2933 756 2965 ete:
784 2931 948 2972 Quint.
976 2930 1174 2989 V175310'3
1197 2930 1292 2966 =VHI
1364 2932 1428 2976 193
1455 2930 1551 2966 XIII
1576 2931 1631 2966 51.

517 2991 550 3034 3,
576 2990 619 3034 33
653 2989 753 3025 Cic.
785 2992 933 3024 Brut.
961 2991 1016 3034 78,
1041 2986 1128 3035 271}
1154 3001 1207 3025 or.
1235 2990 1291 3034 30,
