2300 3528
58 1118 106 1156 10

61 1536 107 1573 15

758 220 813 257 IN
839 219 1165 257 PISONIANAM
1736 220 1782 255 19

611 363 725 408 CIR.
759 365 894 408 VER.
927 365 968 407 A
999 363 1081 408 ΝΟ
1094 363 1203 408 VIS.
1237 363 1310 407 CC

230 455 276 509 (9
307 453 398 509 89.)
438 453 595 508 Quod
627 455 888 510 populari
927 455 1014 497 illi
1056 455 1340 497 sacerdoti
1383 458 1678 497 sexcentos
1716 455 1783 497 ad

139 531 352 576 bestias
381 532 562 575 socios
593 533 1113 588 stipendiariosque
1146 533 1372 575 misisti.

154 653 158 656 .
227 609 532 653 Manifestum
565 613 636 652 est
666 610 715 652 P.
749 609 967 653 Clodium
994 610 1270 665 significari.

593 711 706 755 CIR.
741 711 874 755 VER.
908 711 949 754 A
980 711 1176 754 NOVIS.
1210 710 1338 754 CXX

231 802 276 854 (ξ
296 801 386 854 94.)
419 801 625 856 thuid
658 801 836 855 vides,
870 801 1063 856 etquid
1095 802 1290 855 sentis,
1324 802 1447 856 lege
1480 801 1785 844 iudiciaria

139 877 274 933 lata,
306 890 440 934 quos
471 879 702 934 posthac
734 879 950 921 iudices
982 879 1155 921 simus
1186 879 1475 922 habituri?

229 955 408 1010 Legem
439 956 744 999 iudiciariam
766 959 877 998 ante
901 956 1082 1010 aliquot
1104 969 1265 1011 annos,
1288 957 1461 1011 quibus
1493 957 1788 1012 temporibus

141 1035 392 1076 aecusatus
438 1035 510 1075 est
555 1033 730 1075 Verres
777 1046 806 1075 a
852 1032 1098 1087 Cicerone,
1142 1034 1252 1076 tulit
1292 1034 1343 1077 L.
1386 1034 1611 1077 Aurelius
1653 1033 1789 1077 Cotta

141 1112 346 1167 praetor,
378 1123 474 1166 qua
505 1111 859 1152 communicata
890 1114 1001 1152 sunt
1039 1111 1218 1153 iudicia
1249 1113 1436 1154 senatui
1470 1115 1517 1154 et
1549 1113 1789 1167 equitibus

140 1187 193 1231 R.
220 1190 269 1231 et
292 1188 497 1231 tribunis
518 1184 731 1231 aerariis.
796 1201 960 1231 rursus
986 1189 1159 1231 deinde
1192 1190 1445 1245 Pompeius
1467 1191 1516 1232 in
1540 1191 1788 1233 consulatu

140 1266 364 1321 secundo,
397 1279 490 1321 quo
521 1267 643 1309 haec
675 1267 826 1309 oratio
859 1267 988 1309 dicta
1020 1270 1103 1321 est,
1142 1269 1468 1322 promulgavit
1507 1272 1557 1311 ut
1598 1269 1787 1324 amplis-

140 1344 261 1387 simo
292 1356 355 1387 ex
385 1356 533 1387 censu
565 1357 627 1387 ex
659 1345 891 1387 centuriis
923 1346 1064 1387 aliter
1095 1348 1238 1400 atque
1271 1350 1414 1388 antea
1446 1347 1558 1389 lecti
1591 1348 1787 1402 iudices,

142 1433 294 1478 aeque
325 1425 487 1465 tamen
519 1434 581 1465 ex
612 1423 708 1465 illis
739 1423 892 1465 tribus
924 1423 1183 1478 ordinibus,
1218 1436 1293 1466 res
1325 1425 1608 1468 iudicarent.
1649 1473 1651 1475 ,

546 1529 659 1573 CIR.
694 1530 828 1573 VER.
862 1531 903 1573 A
935 1530 1131 1574 NOVIS.
1165 1532 1386 1575 LXXXX

235 1621 280 1674 (ξ
312 1620 403 1674 95.)
436 1620 494 1663 L.
529 1619 782 1676 Opimius
814 1621 1032 1664 eiectus
1074 1623 1262 1677 patria
1304 1626 1404 1677 est,
1438 1623 1532 1678 qui
1576 1627 1629 1666 et
1670 1626 1791 1678 post

144 1700 471 1753 praeturam
504 1701 558 1741 et
588 1700 783 1741 consul
817 1700 1076 1742 maximis
1108 1701 1384 1755 perieulis
1417 1713 1531 1743 rem
1565 1714 1614 1756 p.
1649 1702 1789 1743 libe-

145 1779 311 1819 rarat.
374 1789 482 1819 non
514 1777 570 1818 in
596 1789 657 1819 eo
690 1777 778 1819 eui
812 1777 964 1819 faeta
996 1778 1212 1820 iniuria
1245 1781 1340 1832 est,
1367 1779 1463 1821 sed
1496 1779 1551 1821 in
1585 1779 1666 1821 eis
1697 1779 1790 1834 qui

145 1853 426 1908 fecerunt,
459 1854 697 1896 sceleris
729 1857 782 1896 et
813 1855 1198 1898 conscientiae
1231 1869 1410 1910 poena
1443 1857 1732 1900 remansit.

233 1979 258 2005 1.
277 1984 335 2004 om.
356 1977 398 2004 M.
453 1976 582 2006 NOVIS
602 1978 697 2010 lunt..
720 1977 778 2006 ΝΟ
800 1979 864 2005 SP.
938 1980 963 2005 3.
983 1978 1278 2013 stipendiariusque
1297 1988 1328 2014 p,
1358 1980 1588 2014 stipendiarios
1608 1988 1734 2015 quoque
1760 1982 1793 2015 C,

144 2029 269 2058 amiton
287 2030 456 2064 sociosque
482 2030 543 2058 Cic.
651 2032 676 2059 5.
695 2038 752 2058 om.
772 2031 814 2058 M.
924 2033 949 2058 7.
969 2038 1048 2065 quos
1065 2040 1097 2066 p,
1122 2032 1206 2066 quod
1232 2034 1262 2060 C.
1317 2032 1442 2060 iudices
1462 2040 1520 2061 om.
1539 2034 1573 2061 P.
1629 2041 1739 2062 sumus
1760 2035 1795 2061 P.

144 2086 171 2112 9.
190 2086 240 2113 est
258 2092 316 2112 om.
336 2086 366 2113 S.
420 2084 456 2112 L.
476 2086 506 2118 S,
530 2092 587 2112 om.
608 2085 686 2112 PM.
766 2087 808 2112 13.
828 2085 988 2119 aliterque
1009 2088 1107 2113 antea
1127 2087 1160 2114 P.
1253 2088 1295 2114 15.
1315 2095 1372 2115 om.
1393 2088 1435 2114 M.
1492 2087 1519 2114 Α
1539 2087 1677 2116 Novls.
1697 2089 1792 2121 lunt..

145 2137 174 2166 A
191 2137 286 2167 nno
305 2139 336 2171 S,
376 2137 404 2165 A
423 2137 510 2167 NVO
530 2138 564 2166 P.
674 2140 715 2165 16.
735 2138 842 2172 patria
860 2139 960 2172 Pmy³,
984 2138 1053 2174 §rio
1075 2140 1105 2171 S,
1142 2160 1167 2166 ..
1262 2141 1304 2171 Μ,
1329 2148 1386 2167 ονη.
1407 2141 1440 2168 P.
1497 2144 1546 2168 est
1567 2148 1583 2168 e
1604 2142 1711 2175 patria
1735 2142 1797 2170 Cic.

146 2193 190 2221 1⁹1.
207 2194 241 2221 et
261 2194 392 2227 praetor
411 2194 444 2220 et
462 2191 575 2219 consul
599 2192 660 2220 Cic.
724 2199 791 2220 rem
811 2200 840 2226 p.
859 2192 1013 2226 periculis
1038 2193 1098 2220 Cic.
1174 2196 1216 2221 18.
1237 2193 1269 2220 in
1290 2201 1327 2221 eo
1349 2194 1399 2221 cui
1426 2195 1496 2227 Cic..
1539 2195 1571 2222 in
1593 2203 1665 2222 eum
1688 2196 1739 2223 eui
1766 2197 1796 2224 C.

147 2247 198 2275 out
216 2245 338 2274 Iniuria
360 2246 422 2274 Cic.
513 2248 555 2274 19.
574 2245 753 2280 permansit
776 2246 837 2274 Cic.
857 2246 943 2275 codd.
965 2248 1016 2274 Ee.

196 2372 219 2407 8
231 2371 384 2418 Legem
401 2371 649 2408 iudiciariam
668 2376 760 2407 etc.:
769 2367 938 2418 perioc'h.
1017 2373 1151 2408 Gracc.
1180 2374 1296 2410 13-17
1306 2388 1314 2419 ς
1333 2375 1368 2410 Α
1379 2386 1457 2420 pp.
1484 2376 1516 2410 b.
1535 2386 1564 2411 c.
1592 2375 1610 2410 I
1628 2376 1675 2411 25
1692 2387 1796 2422 sqq.;

149 2431 257 2468 Liv.
283 2430 446 2478 XCVII3
471 2432 601 2468 Vell.
628 2431 801 2467 Pat.11
821 2432 938 2477 32,3;
1006 2434 1175 2478 perioch.
1202 2434 1302 2469 Liv.
1331 2435 1591 2479 LX13Ve11.
1619 2436 1723 2471 Pat.
1759 2436 1796 2471 II

148 2491 334 2527 sch.Bob.
351 2493 394 2527 in
413 2491 521 2528 Ocod.
536 2494 573 2527 et
592 2492 685 2528 Cur.
701 2493 775 2538 frg.
790 2491 940 2527 XXIX·
1012 2493 1103 2538 6-73
1142 2493 1272 2529 Oros.
1312 2494 1344 2529 V
1372 2495 1433 2540 123
1470 2495 1596 2531 Flor.
1635 2495 1694 2532 III
1734 2497 1797 2542 153

150 2549 372 2597 XXX3pro
388 2551 518 2587 Flaoc.
536 2552 939 2598 43133Pseudase.
1013 2552 1127 2589 Sall.
1156 2555 1239 2600 luy.
1268 2555 1331 2600 163
1353 2555 1493 2591 Auct.
1515 2558 1587 2591 vir.
1606 2557 1662 2592 ill.
1688 2557 1711 2603 ξ
1732 2558 1797 2602 653

149 2609 226 2646 div.
245 2610 279 2656 8,
303 2610 411 2647 Verr.
432 2611 495 2657 123
519 2612 598 2647 sch.
631 2612 752 2647 Gron.
787 2611 894 2647 Verr.
922 2610 940 2645 I
1014 2613 1113 2649 Cic.
1131 2614 1177 2649 de
1190 2625 1246 2650 or.
1264 2614 1303 2649 ΙΙ
1321 2615 1377 2660 30,
1394 2615 1481 2660 1323
1502 2617 1617 2652 Brut.
1636 2616 1797 2662 34,128;

151 2670 193 2716 1;
213 2669 309 2707 Cic.
329 2671 431 2707 Phil.
449 2670 468 2706 I
485 2673 518 2717 8,
536 2671 601 2717 2ος
619 2672 695 2707 div.
714 2672 747 2716 3,
766 2672 807 2716 83
831 2671 939 2707 Verr.
1009 2683 1086 2718 pro
1112 2673 1206 2709 Sest.
1233 2675 1290 2719 67,
1313 2675 1403 2720 1403
1430 2676 1532 2711 Phil.
1559 2675 1652 2711 VIII
1679 2676 1712 2721 4,
1735 2677 1798 2721 143

151 2730 191 2767 Π
216 2731 240 2767 l.
262 2730 301 2766 Π
320 2730 377 2777 71,
392 2731 626 2778 174-753111
644 2732 701 2777 96,
716 2732 807 2777 ‘2243
832 2731 889 2767 V6
906 2732 940 2777 9,
1013 2735 1056 2768 in
1086 2733 1166 2769 Cat.
1193 2733 1212 2768 I
1249 2734 1281 2779 2,
1308 2734 1350 2779 43
1377 2746 1455 2780 pro
1480 2736 1617 2771 Plane.
1652 2737 1708 2781 28,
1735 2737 1798 2781 693

152 2790 329 2828 177-178.
1013 2792 1071 2838 29,
1088 2793 1154 2838 703
1175 2794 1232 2838 36,
1251 2795 1315 2839 883
1330 2805 1408 2839 pro
1429 2795 1523 2830 Sest.
1542 2796 1599 2840 67,
1619 2796 1688 2831 140
1708 2806 1799 2830 cum

202 2850 248 2886 10
273 2853 450 2896 praetor:
476 2861 510 2886 a.
538 2852 594 2887 70.
1013 2853 1090 2887 sch.
1108 2854 1217 2898 Bob.;
1235 2854 1357 2889 Plin.
1387 2866 1424 2890 n.
1447 2856 1482 2891 h.
1510 2855 1654 2899 X1V4;
1681 2856 1798 2901 Aug.

201 2910 311 2946 11-12
332 2911 371 2945 in
389 2910 597 2946 consulatu
614 2911 808 2947 secundo:
834 2922 868 2946 a.
884 2911 940 2947 55.
1014 2915 1084 2948 civ.
1113 2913 1186 2949 Dei
1210 2914 1269 2949 III
1295 2915 1352 2950 24.

206 2970 251 3005 16
290 2969 333 3005 L.
361 2969 539 3015 Opimius
581 2974 680 3006 etc.:
723 2971 856 3007 Plut.
902 2972 940 3007 0.
1067 2974 1111 3009 17
1140 2974 1295 3010 consul:
1322 2985 1356 3009 a.
1386 2975 1464 3010 121.

1821 377 1867 412 15
1883 375 1954 412 KS

1822 723 1919 760 170

1826 1539 1923 1576 17B
