2300 3528
794 240 849 278 IN
875 239 1216 277 MILONIANAM
1784 240 1829 275 61

185 334 354 381 Gibba.
417 336 661 380 absolutus
693 341 764 381 est
794 338 1043 381 sententiis
1074 338 1262 392 plenius
1294 350 1438 392 quam
1471 338 1623 393 prius:
1656 350 1831 393 graves

183 413 354 459 habuit
381 413 582 470 XVIIII,
615 416 930 459 absolutorias
962 416 1081 458 duas
1114 418 1161 458 et
1218 415 1372 469 XXX;
1415 416 1497 458 sed
1531 428 1556 458 e
1589 417 1830 458 contrario

182 491 275 536 hoc.
299 503 358 536 ae
388 492 548 548 priore
574 493 752 536 iudicio
779 494 973 537 accidit:
1002 493 1186 548 equites
1213 493 1341 536 enim
1368 505 1424 537 ac
1450 496 1692 536 senatores
1719 506 1829 537 eum

183 569 507 626 absolverunt,
540 573 597 614 tr.
631 571 807 614 aerarii
840 571 1207 615 damnaverunt.

271 647 379 692 Sex.
402 651 564 692 autem
595 647 801 705 Clodius,
825 662 918 705 quo
950 652 1145 692 auctore
1173 662 1345 705 eorpus
1372 649 1524 692 Clodii
1558 650 1608 693 in
1641 650 1829 693 curiam

182 725 371 770 illatum
398 727 501 782 fuit,
524 728 861 771 accusantibus
887 727 936 771 C.
965 717 1229 771 Caesennio
1255 728 1469 783 Philone,
1496 728 1556 770 M.
1589 728 1829 784 Alphidio,

185 803 472 848 defendente
497 805 548 848 Τ.
574 805 844 861 Flacconio,
873 818 1046 861 magno
1074 818 1308 849 consensu
1336 807 1590 849 damnatus
1616 809 1699 861 est,
1727 819 1830 849 sen-

184 882 346 926 tentiis
377 894 463 926 sex
494 885 542 926 et
564 883 668 937 XL3
702 883 1016 926 absolutorias
1042 884 1254 939 quinque
1284 884 1476 926 omnino
1504 884 1685 939 habuit,
1713 885 1832 927 duas

115 967 118 970 ⁴
183 961 472 1016 senatorum,
505 962 602 1003 tres
634 960 863 1017 equitum.

271 1036 408 1080 Multi
440 1040 692 1094 praeterea
724 1041 772 1080 et
802 1041 1079 1094 praesentes
1116 1041 1164 1081 et
1200 1051 1310 1081 cum
1343 1038 1476 1082 citati
1510 1051 1604 1081 non
1638 1051 1829 1094 respon-

184 1115 365 1160 dissent
400 1116 613 1160 damnati
651 1119 773 1172 sunt,
813 1129 874 1159 ex
917 1117 1091 1172 quibus
1122 1117 1336 1160 maxima
1374 1129 1484 1172 pars
1517 1117 1607 1159 fuit
1645 1116 1829 1160 Clodia-

183 1205 368 1238 norum.

272 1327 298 1353 1.
317 1323 417 1360 galba
431 1325 461 1352 S.
519 1328 621 1365 augensi
642 1326 692 1353 est
711 1324 895 1359 (sententiis
914 1324 985 1352 add.
1004 1324 1092 1359 Pmy)
1112 1325 1147 1359 P,
1171 1326 1279 1352 autem
1301 1327 1351 1353 est
1371 1324 1543 1353 sententiis
1563 1325 1607 1358 M,
1630 1344 1781 1354 .........
1802 1326 1831 1353 S.

183 1377 211 1407 ⁸.
228 1378 364 1426 nostia„
385 1386 406 1408 a
423 1379 455 1429 Gs
526 1380 553 1406 6.
571 1377 752 1407 Caesennio
763 1379 901 1413 Jordan,
924 1378 1107 1407 ciessennio
1121 1379 1188 1412 ΒΡ,
1211 1379 1381 1407 cessennio
1396 1380 1439 1407 M.
1495 1378 1631 1408 Philone
1646 1380 1829 1413 Manutius,

113 1431 118 1435 '
183 1430 283 1460 illone
306 1431 339 1461 0.
402 1430 514 1461 sifidio
533 1432 568 1460 P.
658 1434 683 1460 7.
703 1431 897 1461 defendente
917 1432 953 1460 Τ.
972 1422 1095 1466 Baiter,
1119 1431 1334 1461 defenderunt
1357 1433 1387 1460 C.
1453 1432 1625 1461 damnatus
1645 1433 1827 1467 Manutius,

185 1484 421 1522 damnatusque
445 1487 476 1515 C.
548 1489 574 1514 8.
593 1486 663 1522 aex]
682 1485 727 1514 VI
746 1486 781 1514 P.
837 1486 990 1522 quinque]
1009 1486 1038 1515 V
1057 1487 1096 1524 P.

233 1613 257 1650 5
272 1611 365 1650 Sex.
384 1613 703 1659 autemmodius,
718 1625 796 1660 quo
811 1618 974 1650 auctore
1049 1618 1144 1651 etc.:
1171 1614 1260 1651 Cic.
1286 1615 1338 1650 ad
1359 1615 1437 1651 ΑΗ.
1460 1615 1551 1651 XIV
1574 1616 1619 1651 13
1632 1616 1684 1661 A3
1712 1615 1768 1661 14,
1791 1616 1831 1661 Ως

187 1683 330 1720 corpus
354 1672 480 1711 clodii
499 1674 540 1710 in
561 1675 710 1711 curiam
731 1674 883 1711 illatum
900 1675 974 1711 fuit
1048 1676 1104 1721 19,
1130 1675 1173 1722 23
1198 1675 1291 1711 Dio
1318 1675 1389 1711 XL
1415 1677 1472 1722 55,
1499 1677 1531 1711 1.
