2300 3528
17 718 93 802 ιίῚῚ
122 738 148 776 5

778 249 832 286 IN
859 248 1239 286 CORNELIANAM
1276 219 1278 221 ’
1779 247 1824 283 77

773 399 954 443 CIROA
990 400 1235 460 Mnva

212 543 214 545 .
265 500 376 556 Quo
407 502 511 545 loco
543 504 807 556 enumerat,
841 514 950 544 cum
983 502 1064 544 lex
1096 502 1292 556 feratur,
1319 504 1433 556 quot
1463 502 1569 544 loca
1599 502 1823 544 interces-

181 579 328 623 sionis
357 581 480 635 sunt,
514 580 628 622 ante
666 591 812 633 quam
846 580 930 633 qui
961 579 1111 634 leyem
1144 579 1245 633 fert
1272 579 1507 633 populum
1540 579 1704 622 iubeat
1735 579 1823 622 dis-

181 655 368 700 cedere.
851 670 854 673 ·

271 733 375 778 Est
406 734 623 789 utique
655 734 752 777 ius
784 734 1055 788 vetandi,
1090 746 1218 776 cum
1251 746 1318 776 ea
1351 735 1599 788 feratur,
1633 747 1826 788 quam—

182 811 287 855 diu
318 811 534 867 quibus
566 812 664 855 ius
704 813 786 855 est
831 811 1139 867 suffrayii
1186 812 1417 854 ferundi
1465 812 1825 854 transferun-

119 906 123 909 ‘
183 890 299 935 tur:
331 889 388 932 id
419 892 507 933 est
536 889 665 933 dum
698 889 992 933 recitatur
1026 890 1137 944 lex,
1171 890 1297 932 dum
1335 890 1548 944 privati
1592 890 1825 943 dicunt,

97 1105 146 1165 1ο

98 1517 147 1555 15

182 966 309 1011 (111111
340 968 762 1011 summovetur
801 967 1087 1021 populus,
1132 967 1260 1009 dum
1303 967 1500 1009 sitella
1536 967 1827 1018 defertur,

181 1047 309 1101 dum
341 1048 660 1101 aequantur
705 1048 902 1099 sortes,
952 1045 1083 1087 dum
1131 1045 1383 1087 sortitio
1422 1045 1516 1099 fit,
1550 1048 1603 1087 et
1634 1045 1679 1087 si
1712 1057 1828 1100 qua

181 1127 312 1168 sunt
342 1123 458 1167 alia
488 1124 658 1166 huius
689 1124 934 1178 generis.

269 1202 298 1254 †
327 1201 438 1246 Alia
468 1201 671 1257 populus
702 1202 926 1244 confusus
974 1204 1026 1243 ut
1071 1212 1262 1255 semper
1293 1201 1425 1255 alias,
1459 1201 1526 1243 ita
1558 1203 1606 1242 et
1637 1201 1686 1243 in
1719 1213 1828 1243 con-

182 1280 324 1324 tione.
401 1279 484 1323 sed
514 1279 589 1322 his
619 1279 839 1335 peractis,
873 1291 983 1321 cum
1016 1279 1064 1321 id
1097 1279 1250 1321 solum
1283 1281 1511 1334 superest,
1546 1282 1598 1321 ut
1628 1279 1829 1334 populus

181 1357 469 1401 sententiam
500 1357 637 1413 ferat,
671 1357 805 1399 iubet
836 1369 946 1398 eum
980 1356 1019 1398 is
1051 1356 1132 1410 qui
1166 1356 1260 1398 fert
1290 1356 1447 1411 legem
1485 1355 1827 1399 discedere:

181 1436 310 1492 quod
340 1435 544 1480 verbum
576 1447 671 1478 non
708 1436 799 1478 hoc
840 1434 1080 1489 significat
1111 1434 1238 1489 quod
1276 1435 1326 1476 in
1358 1434 1601 1476 communi
1634 1446 1828 1476 consue-

181 1513 371 1556 tudine:
404 1515 517 1555 eant
546 1513 606 1555 de
639 1524 694 1554 eo
726 1513 829 1554 1000
857 1511 937 1553 11111
962 1512 1042 1553 1οΧ
1069 1511 1264 1565 feratur,
1288 1511 1370 1554 sed
1393 1511 1442 1553 in
1470 1523 1603 1553 suam
1628 1511 1828 1566 quisque

183 1590 362 1634 tribum
394 1590 621 1644 discedat,
654 1590 704 1632 in
737 1602 832 1644 qua
864 1592 934 1632 est
965 1589 1247 1644 suffragium
1280 1589 1478 1631 laturus.

812 1719 1015 1763 PAVLO
1047 1719 1197 1763 POST

271 1825 449 1868 Unum
497 1827 691 1867 tamen
735 1823 881 1878 quod
922 1823 1024 1865 hoc
1076 1823 1196 1878 ipso
1239 1826 1304 1864 tr.
1360 1823 1452 1877 pl.·
1485 1823 1702 1865 sactum
1746 1825 1831 1865 est

181 1901 767 1958 praetermittendum
831 1913 940 1942 non
1004 1900 1268 1943 videtur.
1379 1913 1582 1956 neque
1675 1901 1828 1943 enim

183 1979 367 2024 maius
398 1981 484 2022 est
514 1979 705 2033 legere
739 1978 1018 2032 codicem,
1052 1990 1174 2020 cum
1207 1978 1632 2032 intercedatur,
1667 1990 1829 2033 quam

161 2058 453 2102 'sitellam
504 2056 696 2111 ipsum
745 2068 875 2097 cum
923 2055 1047 2110 ipso
1095 2056 1506 2098 intercessore
1555 2056 1829 2110 deferre,

182 2147 295 2180 nec
340 2134 597 2190 gravius
643 2133 905 2188 incipere
954 2133 1114 2175 ferre
1165 2145 1336 2187 quam
1389 2133 1681 2187 perferre,
1729 2145 1831 2174 nec

183 2211 612 2256 vehementius
643 2210 958 2253 ostendere
991 2222 1052 2252 se
1085 2210 1346 2251 laturum
1380 2210 1571 2253 invito
1605 2210 1832 2263 collega

184 2301 348 2346 quam
395 2289 508 2345 ipsi
559 2288 830 2343 collegae
878 2288 1292 2341 magistratum
1346 2288 1662 2342 abrogare,
1716 2300 1831 2329 nec

184 2367 582 2412 criminosius
624 2366 817 2408 tribus
859 2366 929 2408 ad
971 2366 1162 2420 legem
1200 2365 1628 2420 accipiendam
1661 2377 1829 2420 quam

183 2446 253 2489 ad
284 2445 591 2500 collegam
625 2443 998 2486 reddendum
1037 2443 1330 2497 privatum
1373 2443 1533 2485 intro
1586 2455 1828 2486 vocare:

273 2589 297 2614 1.
316 2593 374 2613 om.
393 2586 439 2620 u,
461 2584 537 2614 CIR.
556 2586 591 2613 P.
682 2588 706 2612 2.
727 2587 895 2612 enumerat
915 2584 1230 2619 Kiessliny-Schoell,
1260 2586 1409 2611 numerat
1433 2586 1463 2611 C.
1491 2586 1565 2618 quo‘
1582 2585 1617 2612 P.
1708 2587 1734 2611 3.
1754 2587 1829 2612 ante

183 2647 279 2676 quam
299 2639 354 2675 qui
372 2638 482 2674 legem
505 2638 570 2667 fert
587 2638 740 2674 populum
769 2638 932 2672 smmum,
965 2645 1022 2665 om.
1047 2639 1077 2666 G.
1186 2640 1249 2665 3-4.
1269 2637 1436 2665 discedere
1467 2638 1630 2671 Siyonius,
1663 2637 1771 2665 dicere
1800 2640 1830 2665 G.

182 2696 209 2723 ὅ.
227 2693 274 2722 nti
295 2692 380 2728 quod
397 2693 475 2722 SM.
566 2694 627 2720 5-6.
645 2692 786 2727 quandiu
808 2693 841 2719 P.
946 2694 971 2719 6.
992 2692 1107 2726 quibus
1127 2691 1177 2719 ius
1197 2693 1247 2719 est
1266 2691 1414 2725 suffragii
1435 2692 1620 2725 Buecheler,
1644 2712 1775 2719 ........
1800 2693 1831 2719 C.

183 2750 209 2776 ’1.
226 2747 301 2776 dum
321 2746 478 2774 recitatur
497 2746 810 2780 Kiessliny-Schoezl.
834 2765 967 2773 ........
986 2746 1055 2779 SP,
1079 2765 1266 2773 ...........
1286 2746 1331 2773 Μ.
1410 2747 1436 2772 8.
1455 2747 1676 2773 summovetur
1694 2745 1830 2779 populus

185 2801 368 2834 Mommsen,
391 2819 558 2827 ..........
578 2800 637 2833 SP,
786 2800 831 2826 M.
940 2801 965 2826 9.
984 2801 1143 2833 equantur
1171 2801 1274 2826 sortes
1303 2799 1387 2832 PM,
1422 2806 1504 2833 equo
1525 2819 1602 2827 .....
1622 2799 1649 2826 si
1679 2798 1779 2826 fortes
1800 2800 1830 2826 S.

184 2856 228 2882 u.
245 2852 314 2882 alia
335 2854 368 2885 C,
390 2854 477 2880 astat
495 2853 679 2884 Buecheler,
703 2854 801 2879 antea
826 2852 929 2885 Clark,
961 2851 1052 2879 audit
1071 2852 1295 2886 Luterbacher,
1327 2851 1456 2879 scilieet
1476 2852 1559 2879 Rau.
1615 2851 1699 2879 alias
1719 2852 1829 2879 Bet-al-

185 2907 255 2941 dtus,
277 2906 346 2935 111111
369 2907 399 2934 C.
474 2908 569 2934 11-12.
590 2904 767 2947 congitione
787 2907 821 2932 P.
900 2907 938 2933 12.
953 2905 1010 2933 sed
1024 2904 1075 2933 his
1088 2906 1173 2937 Rau.
1192 2905 1224 2933 111
1243 2908 1272 2934 C.
1347 2908 1389 2934 13.
1404 2895 1457 2934 effi
1471 2907 1505 2934 P.
1561 2905 1726 2934 discedere
1743 2906 1826 2937 Rau.

184 2961 293 2990 dicere
317 2961 348 2990 C.
422 2962 464 2988 15.
483 2948 554 2988 fen-“f
565 2961 600 2988 P.
675 2962 716 2988 16.
737 2959 883 2988 discedat
903 2958 1085 2993 Manutius,
1109 2960 1286 2988 descendat
1310 2962 1340 2988 C.
1396 2960 1528 2988 (laturus
1549 2962 1579 2988 S.
1654 2962 1695 2988 17.
1715 2968 1772 2987 om.
1787 2961 1831 2988 Μ.

183 3018 228 3044 21.
246 3014 350 3050 ipsum
371 3014 683 3048 Kiessliny-Schoell,
706 3014 809 3048 ipsam
835 3014 866 3041 C.

1863 404 1960 440 710

1865 816 1911 851 63
1930 815 1997 851 ΚΒ
