2300 3528
370 710 416 744 40
430 708 499 744 KS

396 757 441 792 46
456 757 492 790 Β

409 1865 455 1900 46
477 1865 508 1900 C

410 1913 462 1958 ¹40
476 1912 507 1947 s

2154 0 2159 6 ·
2171 0 2212 10 sota·

530 243 576 279 50
1218 223 1465 279 Ascomvs
1520 267 1535 272 -

619 338 690 380 De
721 338 771 379 L.
804 337 1011 379 Domitio
1043 338 1182 380 dicit:

621 416 664 467 (ξ
697 415 785 466 22.)
818 414 1092 456 Dederas
1123 414 1279 456 enim
1321 427 1494 468 quam
1534 417 1940 457 contemneres
1971 427 2152 471 popu-

530 492 687 533 lares
738 491 1001 533 insanias
1053 491 1161 533 iam
1213 492 1280 533 ab
1332 492 1743 534 adulescentia
1804 492 2155 535 documenta

532 568 798 610 maxima.

621 643 942 687 Constantiam
989 645 1039 686 L.
1081 645 1273 699 Domiti,
1322 658 1464 699 quam
1511 646 1559 687 in
1606 648 1860 700 quaestura
1905 645 2152 700 praestitit,
2189 652 2212 691 5

531 722 778 776 significat.
862 734 972 763 nam
1016 734 1070 763 eo
1114 725 1338 776 tempore,
1377 734 1484 764 cum
1518 721 1565 765 C.
1598 722 1819 765 Manilius
1859 725 1915 764 tr.
1954 723 2018 778 pl.
2047 723 2152 765 sub·
2205 757 2209 762 .

532 799 673 840 nixus
704 799 1035 840 libertinorum
1069 801 1116 840 et
1146 811 1392 841 servorum
1426 812 1570 841 manu
1601 799 1967 853 perditissimam
1998 800 2153 854 legem

533 875 680 916 ferret
711 877 762 916 ut
807 875 1042 917 libertinis
1082 875 1131 916 in
1178 876 1396 917 omnibus
1433 876 1651 918 tribubus
1694 876 1973 931 suffragium
2019 878 2153 931 esset,

532 952 674 1006 idque
708 964 793 1006 per
824 952 1079 993 tumultum
1103 954 1267 1006 ageret
1289 955 1336 994 et
1357 953 1536 995 clivum
1564 951 1880 1007 Capitolinum
1906 953 2154 1007 obsideret,

533 1029 818 1071 discusserat
849 1031 1225 1083 perruperatque
1257 1032 1444 1071 coetum
1475 1029 1710 1072 Domitius
1731 1030 1797 1072 ita
1822 1032 1873 1072 ut
1894 1030 2031 1072 multi
2061 1029 2155 1072 Ma·
2193 1042 2238 1076 10

533 1106 820 1147 nilianorum
854 1106 1196 1148 occiderentur.
1275 1119 1366 1160 quo
1399 1107 1521 1148 sacto
1554 1109 1601 1148 et
1631 1107 1817 1161 plebem
1849 1107 2062 1152 infimam
2092 1107 2156 1149 of-

534 1182 751 1225 fenderat
782 1185 829 1224 et
858 1185 1048 1224 senatus
1079 1195 1301 1237 magnam
1327 1184 1530 1237 gratiam
1562 1183 1746 1226 inierat.

624 1261 667 1312 (§
699 1260 789 1312 32.)
838 1260 1035 1314 Itaque
1078 1260 1229 1302 illud
1263 1259 1606 1302 Cassianum
1649 1260 1927 1303 indicium
1973 1261 2033 1303 in
2073 1260 2159 1303 his

534 1336 813 1392 personis
844 1337 1063 1378 valeat.

623 1413 673 1455 L.
716 1412 902 1455 Cassius
942 1413 1042 1465 fuit,
1084 1413 1206 1455 sicut
1251 1413 1345 1455 iam
1386 1425 1525 1467 saepe
1567 1414 1788 1464 diximus,
1829 1426 2041 1456 summae
2082 1413 2159 1457 vir
2196 1425 2242 1461 15

535 1490 817 1533 severitatis.
896 1491 935 1532 is
968 1491 1184 1544 quotiens
1225 1488 1464 1544 quaesitor
1495 1491 1660 1533 iudicii
1703 1491 1904 1533 alicuius
1944 1493 2078 1545 esset,
2110 1491 2159 1533 in

537 1580 629 1622 quo
662 1568 980 1621 quaerebatur
1027 1568 1084 1609 de
1131 1568 1321 1610 homine
1363 1568 1528 1622 occiso,
1571 1568 1799 1610 suadebat
1843 1570 1985 1622 atque
2017 1568 2160 1611 etiam

538 1646 755 1700 praeibat
786 1645 1022 1686 iudicibus
1052 1645 1142 1686 hoc
1167 1645 1291 1698 quod
1319 1643 1483 1686 Cicero
1515 1657 1644 1686 nunc
1669 1645 1904 1698 admonet,
1938 1647 1990 1686 ut
2019 1655 2160 1698 quae-

540 1724 726 1764 reretur
775 1721 866 1763 cui
919 1722 1062 1762 bono
1115 1721 1322 1763 fuisset
1372 1715 1529 1774 perire
1576 1734 1684 1763 eum
1727 1721 1785 1763 de
1831 1721 1966 1763 cuius
2011 1723 2161 1763 morte

540 1799 798 1853 quaeritur.
881 1799 938 1839 ob
971 1810 1113 1852 quam
1157 1798 1475 1851 severitatem,
1509 1810 1600 1852 quo
1633 1800 1844 1852 tempore
1875 1796 1981 1840 Sex.
2012 1797 2160 1840 Pedu-
2197 1809 2243 1845 20

536 1887 682 1930 cacus
712 1877 768 1916 tr.
796 1875 856 1929 pl.
885 1875 1164 1917 criminatus
1187 1877 1257 1916 est
1277 1874 1326 1916 L.
1353 1874 1595 1916 Metellum
1622 1877 1747 1929 pont.
1771 1886 1895 1916 max.
1919 1876 2162 1928 totumque

540 1951 792 2005 collegium
836 1951 1109 2005 pontificum
1158 1951 1281 1992 male
1328 1951 1560 1992 iudicasse
1606 1951 1665 1992 de
1711 1935 1888 1992 incesto
1920 1949 2161 2004 virginum

540 2028 816 2081 Vestalium,
850 2028 973 2082 quod
1009 2040 1147 2069 unam
1189 2028 1325 2069 modo
1362 2027 1614 2069 Aemiliam
1657 2028 1981 2081 damnaverat,
2013 2026 2162 2069 absol-

631 2172 654 2195 1.
674 2168 720 2196 De
740 2168 774 2194 L.
794 2167 935 2195 Domitio
956 2167 1035 2195 dicit
1053 2175 1110 2194 om.
1130 2169 1173 2194 M.
1261 2170 1286 2194 3.
1306 2167 1503 2194 adolescenti
1525 2168 1554 2194 S.
1653 2169 1677 2195 5.
1697 2167 1732 2195 L.
1749 2166 1871 2195 Domiti
1891 2166 2069 2200 Manutius,
2091 2165 2162 2194 GN.

541 2221 579 2256 (G
590 2221 628 2249 N.
648 2222 698 2256 M)
720 2221 831 2248 domiti
852 2220 904 2255 (-ii
919 2222 970 2254 M)
984 2221 1063 2253 P‘M,
1087 2220 1152 2248 GN
1172 2219 1298 2254 pompei
1319 2222 1347 2247 S.
1403 2222 1575 2254 quaestura
1596 2220 1773 2253 Manutius,
1796 2220 1970 2254 pr(a)etura
1987 2220 2017 2248 C.
2089 2221 2114 2247 6.
2131 2217 2164 2246 C.

541 2274 695 2302 Manilius
723 2274 902 2307 sslanutius,
934 2273 966 2301 C.
985 2273 1102 2301 Malius
1123 2275 1152 2306 S,
1185 2273 1247 2301 CN.
1266 2273 1400 2300 mallius
1415 2275 1458 2307 M,
1490 2273 1552 2301 CN.
1580 2273 1719 2301 manlius
1738 2274 1772 2300 P.
1837 2274 1873 2300 tr.
1891 2274 1987 2306 lunt„
2010 2271 2111 2300 tribus
2135 2273 2166 2300 Ο.

542 2331 567 2355 8.
587 2330 621 2355 ut
640 2327 672 2354 in
687 2328 733 2355 P¹.
771 2327 872 2354 tribus
897 2327 926 2354 C.
983 2329 1007 2354 9.
1027 2326 1213 2360 capitolium
1234 2327 1306 2353 SM.
1370 2329 1411 2354 10.
1434 2326 1548 2364 priipe?
1567 2328 1661 2360 atque
1677 2327 1705 2353 S.
1770 2328 1863 2353 10-11.
1882 2325 2117 2353 manlianorum
2130 2326 2166 2352 P.

543 2385 585 2408 11.
598 2381 856 2408 interficerentur
870 2381 903 2407 P.
959 2383 1054 2407 11-12.
1068 2379 1212 2406 infimam
1227 2379 1403 2407 offenderat
1416 2380 1581 2413 Lodoicus,
1598 2379 1757 2407 infimam
1779 2378 1964 2406 ostenderat
1981 2379 2011 2406 C.
2064 2381 2107 2406 12.
2120 2378 2166 2405 in-

543 2436 636 2468 gerat
656 2435 684 2461 S.
759 2435 800 2460 13.
819 2432 973 2460 indicium
994 2434 1124 2465 Purser,
1148 2432 1301 2459 iudicium
1327 2433 1356 2460 C.
1448 2434 1490 2459 15.
1509 2431 1541 2459 C.
1560 2432 1595 2459 T.
1616 2439 1741 2459 crassus
1760 2432 1789 2459 S.
1879 2433 1921 2458 16.
1940 2430 1969 2458 is
1987 2431 2165 2465 Kiessliny-

544 2488 672 2520 Schoell,
696 2494 752 2514 om.
777 2487 807 2514 C.
862 2488 991 2520 questor
1010 2487 1083 2513 SM.
1158 2488 1199 2512 17.
1219 2487 1404 2519 quereretur
1422 2487 1456 2512 P.

590 2610 612 2645 2
640 2610 814 2645 Dederas
840 2611 943 2645 enim
977 2613 1074 2644 etc.:
1112 2620 1146 2644 a.
1186 2609 1318 2644 67-66:
1391 2611 1458 2654 303
1491 2609 1549 2644 III
1575 2610 1631 2654 60,
1658 2609 1742 2653 1373
1779 2608 1835 2653 62,
1863 2607 1947 2652 1463
1978 2618 2055 2652 pro
2078 2607 2166 2642 Mil.

543 2670 620 2704 sch.
646 2669 736 2704 Rob.
763 2670 848 2703 Mil.
875 2669 931 2703 22.
1394 2669 1449 2714 12,
1474 2669 1537 2714 323
1562 2669 1670 2703 Rosc.
1697 2668 1754 2709 30,
1780 2667 1837 2702 84.

592 2729 613 2763 6
640 2732 685 2763 tr.
710 2728 780 2773 pl.:
807 2739 840 2762 a.
867 2728 922 2762 66.
1439 2728 1485 2763 20
1511 2737 1587 2772 quo
1614 2730 1789 2771 tempore
1819 2725 1910 2761 Sex.
1935 2725 2167 2760 Peducaeus

593 2789 613 2823 7
638 2787 769 2832 legem
787 2787 904 2821 ferret
923 2790 1014 2821 etc.:
1041 2786 1128 2820 Dio
1155 2785 1321 2820 XXXVI
1394 2790 1486 2822 etc.:
1512 2797 1545 2821 a.
1574 2786 1658 2820 113:
1684 2785 1783 2821 Cic.
1810 2785 1855 2819 de
1880 2786 1960 2820 nat.
1987 2784 2087 2819 deor.
2108 2783 2167 2818 III

546 2846 602 2891 42,
629 2846 661 2880 2.
1269 2851 1274 2854 ·
1393 2846 1449 2890 30,
1476 2845 1531 2881 74.
1752 2836 1754 2838 ’

595 2906 639 2940 15
665 2915 841 2940 summae
866 2906 926 2939 vir
950 2905 1191 2939 severitatis:
1216 2904 1320 2939 Val.
1441 2904 1486 2938 23
1510 2913 1629 2938 unam
1651 2902 1765 2937 modo
1785 2901 1991 2937 Aemiliam
2009 2900 2167 2935 damna-

549 2965 674 2999 Max.
699 2964 758 2999 III
784 2965 816 3009 7,
843 2964 882 3009 93
919 2963 1017 3000 Cic.
1065 2965 1171 2999 Verr.
1209 2963 1228 2998 I
1266 2964 1321 3007 10,
1395 2965 1504 2998 verat
1523 2964 1617 2997 etc.:
1639 2972 1672 2996 a.
1690 2961 1758 2995 114
1776 2960 1855 2995 XV.
1875 2960 1961 2995 Kal.
1979 2959 2080 2995 Ian.:
2097 2958 2167 2994 Fe-
