2300 3528
390 630 436 664 63
451 630 486 663 B

401 677 443 712 51
460 675 491 712 S

394 800 492 836 630

522 240 567 274 68
1207 238 1368 275 ASCON
1373 237 1454 274 IVS

522 336 653 390 quid
687 338 919 389 agatur:
964 333 1193 392 flvidetfl
1238 336 1499 378 homines
1536 336 1767 378 faeneos
1807 335 1863 377 in
1898 320 2167 385 mediam¹

523 413 589 454 ad
622 415 673 454 te
687 412 916 466 mptand
931 424 960 453 u
974 423 1020 454 m
1041 412 1368 467 periculum
1401 412 1715 466 proiectos.

610 487 874 531 Simulacra'.
900 489 1055 544 effigie
1080 489 1325 531 hominum
1347 501 1409 531 ex
1431 489 1567 532 faeno
1589 490 1692 532 fieri
1717 490 1942 543 solebant,
1974 452 2146 543 quibus

523 565 719 607 obiectis
750 566 809 607 ad
841 566 1163 619 spectaculum
1196 566 1521 620 praebendum
1554 566 1677 609 tauri
1709 567 2026 609 irritarentur.

613 641 803 696 Quid?
833 642 1115 684 Metellus
1156 655 1378 685 summa
1414 643 1746 686 nobilitate
1785 655 1853 686 ac
1890 643 2144 698 virtute,
2183 646 2211 683 5

524 719 775 762 cumbis
820 719 1104 773 iurasset,
1148 720 1338 762 semel
1381 720 1699 775 privatim,
1732 721 1961 763 iterum
1992 720 2144 776 leye,

523 807 706 839 nonne
758 796 1033 850 privatim
1082 797 1299 851 patris,
1347 797 1597 852 publice
1643 798 1792 852 legis
1846 797 2149 853 reliyione

524 873 778 915 deiectus
809 872 937 914 est?
982 873 1202 915 ratione
1239 885 1311 915 an
1362 873 1460 916 vi?
1503 876 1560 915 at
1595 874 1887 927 utrimque
1919 885 2146 925 omnem

522 949 905 1004 suspicionem
943 950 1117 991 animi
1165 951 1320 992 tollit
1351 951 1403 993 et
1438 950 1489 993 C.
1532 950 1814 993 Curionis
1851 951 2147 994 virtusrac

523 1026 767 1080 dignitas
804 1029 856 1068 et
901 1025 963 1079 Q.
1001 1026 1223 1068 Metelli
1270 1028 1548 1080 spectata
1590 1027 2042 1082 adulescentia,
2081 1027 2146 1070 ad

522 1116 795 1146 summam
828 1104 1060 1145 laudem
1093 1104 1355 1146 omnibus
1387 1105 1564 1146 rebus
1596 1106 1825 1147 ornata.

610 1181 711 1223 Hoc
742 1181 1014 1235 exemplum
1062 1181 1199 1223 affert
1238 1182 1327 1224 hoc
1358 1182 1473 1235 loc0,
1516 1182 1640 1235 quod
1686 1182 2036 1237 vultvprobare
2067 1182 2145 1226 de-

462 1277 465 1280 ,
522 1258 687 1300 sistere
720 1270 829 1299 eum
862 1258 1036 1300 debere
1067 1259 1127 1300 ab
1160 1258 1459 1301 accusatione
1485 1283 1543 1288 —
1574 1259 1793 1312 quamvis
1823 1271 1978 1314 neque
2007 1271 2147 1303 accu-

363 1655 406 1689 56
420 1654 490 1690 KS

522 1337 650 1378 satus
689 1334 749 1377 sit
794 1347 948 1389 neque
996 1335 1162 1377 fecerit
1207 1335 1474 1389 pactionem
1522 1360 1578 1365 —
1609 1348 1720 1378 nam
1767 1333 1821 1388 Q.
1853 1335 2070 1388 Metellus
2100 1338 2149 1379 et

522 1412 846 1467 postulaverat
877 1411 1130 1454 Curionem
1158 1414 1205 1454 et
1239 1412 1494 1454 destiterat.
1557 1412 1770 1467 confugit
1799 1414 1959 1455 autem
1988 1414 2149 1465 orator

523 1489 582 1531 ad
614 1489 792 1531 Metelli
833 1489 1128 1531 nobilitatem
1161 1492 1208 1531 et
1238 1489 1298 1531 ad
1341 1488 1388 1531 C.
1423 1488 1640 1531 Curionis
1670 1489 1966 1544 industriam,
1999 1492 2052 1533 ut
2082 1492 2147 1534 te-

523 1568 658 1621 geret
679 1566 727 1608 id
744 1566 868 1621 quod
890 1566 960 1608 illi
981 1566 1143 1608 utilius
1165 1579 1306 1620 quam
1332 1567 1573 1609 honestius
1595 1567 1819 1609 fecerant.
1882 1579 1959 1610 res
1989 1570 2148 1610 autem

523 1646 620 1686 tota
651 1655 700 1686 se
731 1644 800 1686 sic
825 1643 993 1685 habet:
1027 1644 1075 1685 in
1102 1656 1196 1698 qua
1223 1644 1415 1698 quidem
1437 1644 1555 1686 illud
1581 1645 1788 1698 primum
1812 1645 2147 1699 explicandum

524 1723 605 1775 est,
639 1721 697 1763 de
729 1733 821 1775 quo
852 1720 1039 1762 Metello
1082 1721 1172 1762 hoc
1203 1721 1330 1762 dicit.
1418 1719 1610 1762 fuerunt
1656 1721 1783 1763 enim
1830 1723 1943 1764 tunc
1988 1722 2149 1776 plures

523 1797 687 1850 Quinti
718 1797 908 1851 Metelli,
955 1810 1015 1839 ex
1047 1798 1218 1851 quibus
1259 1798 1351 1839 duo
1385 1798 1668 1852 consulares,
1700 1798 1811 1840 Pius
1843 1800 1890 1840 et
1921 1797 2147 1853 Creticus,

524 1875 582 1916 de
613 1875 784 1929 quibus
816 1878 1013 1930 apparet
1044 1887 1153 1916 eum
1180 1887 1273 1916 non
1299 1875 1472 1928 dicere,
1500 1874 1591 1916 duo
1618 1877 1776 1919 autem
1809 1875 2147 1930 adulescentes,

522 1951 676 2006 Nepos
707 1954 754 1994 et
785 1951 935 2006 Celer,
979 1965 1038 1994 ex
1086 1952 1256 2006 quibus
1298 1964 1425 1994 nunc
1470 1951 1697 2007 Nepotem
1739 1952 1985 2007 significat.
2049 1953 2151 1996 eius

525 2030 652 2071 enim
685 2031 868 2085 patrem
901 2028 954 2082 Q.
988 2029 1228 2071 Metellum
1270 2028 1512 2083 Nepotem,
1544 2029 1768 2071 Baliarici
1801 2024 1965 2084 filium,
1996 2029 2150 2073 Mace-

525 2106 682 2148 donici
714 2109 947 2161 nepotem,
981 2106 1061 2160 qui
1103 2107 1266 2148 consul
1303 2106 1392 2148 fuit
1434 2117 1542 2148 cum
1579 2106 1628 2148 T.
1661 2106 1815 2161 Didio,
1848 2105 1989 2151 Curio
2020 2107 2060 2150 is
2090 2107 2149 2150 de

615 2226 638 2250 1.
658 2222 747 2252 videt
771 2224 802 2256 C,
826 2223 882 2250 del.
903 2224 984 2250 Rau.
1080 2226 1104 2250 2.
1124 2222 1283 2257 proiectos
1302 2223 1438 2257 Powius
1453 2223 1497 2255 M,
1520 2222 1681 2256 proiectus
1701 2223 1765 2250 SP.
1853 2224 1879 2250 3.
1898 2222 2005 2258 effigie
2025 2223 2147 2257 Baiter,

525 2276 649 2311 effigies
669 2277 735 2310 SP,
758 2275 878 2304 efficies
898 2277 940 2303 M.
995 2276 1109 2304 faeneo
1130 2277 1160 2304 S.
1253 2278 1278 2303 6.
1296 2276 1448 2310 privatim
1468 2276 1604 2311 Poyyius
1616 2277 1659 2310 M,
1682 2275 1775 2310 priva
1785 2295 1881 2303 ......
1899 2277 1931 2310 S,
1952 2275 2098 2311 privatus
2115 2277 2150 2304 Ρ.

525 2332 586 2357 6-7.
604 2329 721 2358 iterum
740 2329 814 2364 lege
834 2337 939 2358 nonne
958 2330 1267 2364 Kiessliny-Schoell‚
1290 2336 1348 2357 om.
1371 2330 1401 2358 C.
1503 2331 1528 2357 7.
1546 2329 1698 2363 privatim
1717 2328 1818 2363 patris
1836 2329 2147 2364 Kiessliny-Schooll,

525 2383 685 2417 privatum
704 2384 795 2417 patre
819 2383 849 2411 C.
904 2383 1062 2417 religione
1082 2383 1173 2416 Beck,
1197 2402 1292 2410 ......
1312 2383 1386 2416 SM,
1410 2389 1466 2410 om.
1486 2383 1520 2409 P.
1610 2385 1634 2410 8.
1654 2389 1695 2410 an
1715 2381 1773 2409 vi?
1792 2383 1827 2410 at
1845 2382 2004 2417 utrimque
2024 2389 2150 2411 omnem

524 2436 835 2470 Kiessliny-Sehoell,
858 2443 898 2463 an
918 2435 951 2462 vi
971 2435 1011 2462 ad
1030 2435 1093 2462 utri
1105 2454 1234 2463 ........
1255 2435 1325 2470 (lac.
1342 2436 1361 2462 6
1375 2435 1433 2462 lm.
1447 2435 1484 2469 P)
1506 2435 1572 2468 SP,
1595 2431 1751 2462 aiadverti
1772 2455 1940 2463 ..........
1959 2436 2002 2463 M.
2074 2438 2099 2464 9.
2118 2437 2151 2464 et

525 2489 556 2516 C.
576 2488 722 2516 Curionis
736 2489 916 2522 Manutius,
939 2509 1069 2516 ........
1088 2490 1117 2517 C.
1191 2491 1233 2516 10.
1252 2490 1397 2522 spectata
1410 2488 1719 2522 Kiesslz'nq-Schoell,
1742 2495 1757 2515 s
1767 2508 1862 2516 ......
1876 2489 1942 2522 SP,
1965 2507 2094 2517 ........
2106 2490 2150 2518 Μ.

526 2546 567 2569 11.
588 2542 706 2570 omnib’
728 2543 763 2575 P,
793 2562 958 2570 ..........
978 2543 1008 2575 S,
1032 2549 1089 2569 om.
1108 2543 1150 2569 M.
1215 2544 1329 2569 ornata
1356 2542 1536 2575 Manutius,
1568 2542 1714 2569 ornatam
1747 2542 1777 2569 (J.
1885 2544 1927 2569 12.
1947 2541 2041 2570 affert
2066 2543 2147 2576 PM,

526 2616 603 2624 .....
623 2597 652 2624 S.
706 2595 767 2623 hoc
787 2604 843 2623 om.
861 2597 938 2623 SPl.
1012 2598 1054 2622 13.
1074 2595 1113 2623 εὖ
1133 2595 1249 2624 debere
1269 2596 1348 2628 PM,
1505 2596 1533 2622 S.
1589 2586 1694 2633 quam}
1713 2595 1745 2622 P.
1811 2597 1906 2623 13-14.
1925 2597 2095 2624 accusatus
2106 2595 2150 2624 ‘sit

531 2651 632 2683 Clark,
656 2649 858 2677 accusaverit
876 2650 956 2682 PM,
1112 2650 1142 2677 S.
1233 2652 1274 2676 14.
1294 2648 1431 2676 fecerint
1450 2649 1479 2676 S.
1533 2648 1715 2683 pactionem
1735 2648 1914 2682 Manutius,
1936 2648 2096 2677 actionem
2120 2650 2150 2677 C.

526 2712 600 2731 nam
622 2704 658 2736 Q.
679 2704 798 2737 Stangl,
822 2711 895 2730 nam
917 2705 949 2730 et
968 2704 998 2736 S,
1022 2710 1096 2730 nam
1115 2703 1194 2730 PM.
1254 2704 1309 2729 .15.
1323 2701 1493 2729 destiterat
1511 2701 1658 2736 PoyyiuS,
1676 2701 1830 2729 desistere
1844 2702 1868 2729 S
1875 2703 1910 2735 P,
1934 2701 2095 2730 desiderat
2107 2703 2150 2730 M.

528 2760 569 2784 16.
588 2756 762 2784 industiam
783 2757 825 2783 M.
898 2758 993 2783 16-17.
1014 2758 1139 2791 tegeret
1162 2757 1268 2788 Orelli,
1292 2755 1417 2789 legeret
1435 2756 1465 2783 G.
1538 2757 1580 2782 18.
1600 2754 1762 2789 explicare
1783 2754 1855 2782 dum
1871 2756 1944 2782 SM.
2016 2758 2058 2783 21.
2079 2763 2150 2786 oum

527 2818 590 2838 non
610 2809 732 2838 diceret
751 2811 780 2837 S.
854 2812 895 2837 22.
916 2809 1002 2837 celes
1022 2810 1050 2837 S.
1124 2811 1166 2836 23.
1186 2808 1347 2836 balliarici
1367 2810 1402 2842 P,
1425 2808 1561 2836 balleari
1582 2807 1609 2836 ei
1630 2809 1670 2842 M,
1693 2807 1855 2851 valliarici
1869 2809 1899 2837 S.
1971 2810 2066 2837 23-24.
2085 2808 2151 2838 Ma-

528 2863 672 2892 cedonici
690 2872 721 2898 p,
746 2863 913 2890 Macedoni
938 2863 967 2890 C.
1245 2858 1249 2862 “

576 2965 620 3001 24
647 2965 712 3011 qui
740 2963 874 3000 consul
900 2963 988 2999 fuit:
1015 2973 1048 2998 a.
1075 2962 1129 2999 98.

2184 1031 2228 1067 10

2185 1417 2231 1452 15
