2300 3528
367 750 412 783 (52:ss
428 749 463 782 B

378 1362 467 1397 555

503 268 546 304 74
1191 266 1438 304 ASCONIVS

590 362 885 416 Quattuor
925 364 1148 406 omnino
1189 376 1403 418 genera
1443 367 1589 419 sunt,
1633 364 1878 419 iudices,
1912 365 1972 406 in
2003 364 2122 420 qui-

502 441 606 482 bus
637 452 735 494 per
766 443 1033 482 senatum
1082 452 1244 482 more
1283 441 1551 482 maiorum
1582 443 1881 483 statuatur
1911 441 2123 496 aliquid

502 517 566 558 de
598 518 861 571 legibus.
932 530 1113 559 unum
1146 521 1238 559 est
1276 518 1641 560 huiusmodi:
1683 519 1907 573 plaeere
1942 518 2124 573 legem

502 594 787 648 abrogari;
823 597 878 636 ut
909 593 967 646 Q.
1002 593 1267 636 Caecilio
1299 594 1361 636 M.
1395 595 1571 636 Iunio
1603 607 1739 650 eos„
1777 606 1922 649 quae
1959 595 2125 649 leges

503 682 614 712 rem
648 670 977 712 militarem
1010 670 1389 724 impedirent,
1425 673 1481 713 ut
1510 672 1961 725 abrogarentur.

590 745 643 798 Q.
678 745 912 788 Caecilius
951 745 1229 788 Numidicus
1270 746 1499 800 Metellus,
1541 746 1598 788 M.
1639 746 1803 788 Iunius
1833 745 2033 800 Silanus,
2065 746 2124 788 de

502 823 672 876 quibus
718 823 831 865 facit
876 824 1177 877 mentionem,
1223 823 1438 865 eonsules
1478 823 1670 865 fuerunt
1707 823 1831 865 bello
1873 822 2123 877 Cimbrico,

501 900 625 954 quod
657 900 738 942 diu
771 913 919 954 prave
941 901 1082 942 simul
1108 903 1155 942 et
1179 900 1435 942 infeliciter
1453 900 1834 942 administratum
1856 902 1950 953 est;
1971 902 2123 954 *atque

488 977 601 1031 .ipse
632 989 819 1031 quoque
858 977 938 1019 hio
974 977 1138 1019 Iunius
1170 978 1294 1019 male
1331 989 1431 1019 rem
1464 978 1692 1019 adversus
1723 976 1938 1019 Cimbros
1967 977 2122 1031 gessit.

502 1052 628 1095 idem
660 1054 825 1106 postea
866 1054 1027 1108 plures
1067 1054 1210 1108 leges,
1253 1066 1376 1108 quae
1417 1066 1502 1108 per
1543 1066 1621 1095 eos
1660 1065 1808 1095 annos
1848 1053 1908 1096 ab
1945 1053 2002 1096 iis
2041 1053 2124 1108 qui

501 1130 893 1184 gratificabantur
923 1131 1094 1185 populo
1126 1131 1250 1173 latae
1285 1134 1433 1184 erant,
1460 1130 1631 1184 quibus
1661 1130 1859 1172 militiae
1891 1129 2125 1185 stipendia

502 1207 852 1261 minuebantur,
886 1208 1148 1262 abrogavit.

592 1360 854 1402 Tertium
893 1363 978 1403 est
1024 1361 1088 1403 de
1135 1361 1327 1415 legum
1376 1360 1868 1415 derogationibus:
1917 1372 2020 1415 quo
2056 1360 2123 1402 de

502 1448 710 1490 genere
742 1449 1015 1491 persaepe
1052 1436 1100 1478 S.
1135 1436 1187 1479 C.
1223 1437 1401 1486 fiunt,
1434 1439 1492 1478 ut
1522 1448 1708 1491 nuper
1748 1437 1816 1478 de
1852 1436 1971 1491 ipsa
2001 1436 2124 1491 lege

502 1510 865 1566 Calpurnia,
899 1525 1009 1566 quo
1042 1513 1447 1566 derogaretur.

589 1589 690 1631 Lex
721 1589 841 1631 haee
881 1587 1140 1644 Calpurnia
1176 1590 1234 1631 de
1266 1589 1447 1631 ambitu
1479 1592 1593 1631 erat.
1672 1590 1847 1631 tulerat
1877 1602 1982 1632 eam
2014 1592 2124 1632 ante

502 1666 747 1708 biennium
771 1665 818 1708 O.
843 1665 1127 1721 Calpurnius
1151 1666 1256 1708 Piso
1278 1678 1395 1708 eos:
1418 1667 1468 1708 in
1490 1679 1584 1720 qua
1604 1669 1794 1721 praeter
1814 1666 1932 1709 alias
1950 1679 2125 1722 poenas

502 1743 779 1797 pecuniaria
810 1756 995 1798 quoque
1028 1756 1179 1798 poena
1205 1747 1307 1786 erat
1337 1744 1534 1786 adiecta.

590 1818 886 1871 Quartum:
934 1833 1079 1874 quae
1129 1821 1223 1862 lex
1270 1820 1393 1862 lata
1439 1832 1556 1862 esse
1603 1820 1857 1874 dicatur,
1904 1832 1974 1862 ea
2010 1833 2123 1863 non

501 1896 706 1938 videri
753 1898 1035 1951 populum
1084 1897 1309 1949 teneri3
1359 1899 1419 1939 ut
1465 1897 1521 1939 L.
1555 1897 1776 1939 Marcio
1812 1896 1939 1939 Sex.
1973 1897 2123 1940 Iulio

501 1986 615 2016 eos.
649 1974 715 2016 de
748 1974 988 2028 legibus
1019 1974 1226 2017 Liviis.

589 2098 613 2123 4.
633 2095 783 2130 abrogari
804 2096 973 2128 Beraldus,
1006 2095 1162 2130 abrogare
1187 2096 1217 2123 C.
1281 2095 1372 2123 Iunio
1393 2095 1558 2125 Lodoicus.
1582 2095 1691 2123 emilio
1716 2096 1746 2123 C.
1854 2097 1879 2122 5.
1898 2094 2077 2122 militarent
2097 2097 2126 2123 S.

501 2152 526 2176 6.
545 2148 655 2176 Iunius
675 2149 856 2182 Manutius,
879 2149 993 2176 siluius
1017 2150 1047 2176 C.
1146 2151 1170 2175 7.
1190 2148 1275 2176 bello
1295 2168 1390 2176 ......
1411 2148 1563 2176 cimbrico
1583 2150 1628 2182 M,
1652 2148 1739 2176 brieo
1763 2151 1842 2183 (post
1862 2149 1917 2175 lac.
1938 2149 1983 2175 20
2002 2147 2074 2183 lite.)
2095 2150 2125 2175 S.

501 2205 525 2229 8.
545 2202 804 2230 administratum
826 2203 1135 2236 Kiesslz'ngJ-Sehoell,
1159 2202 1408 2230 demonstratum
1428 2203 1504 2235 SM,
1529 2201 1622 2236 gestu
1640 2203 1673 2229 P.
1755 2203 1779 2229 9.
1798 2201 1892 2228 unius
1911 2202 1956 2234 M,
1978 2220 2126 2229 .........

563 2258 592 2283 S.
647 2255 792 2283 combros
813 2257 856 2283 Sl.
928 2258 1006 2282 9-10.
1025 2255 1136 2290 gessit.
1155 2255 1239 2283 idem
1258 2257 1371 2289 postea
1390 2255 1528 2289 Madvig,
1552 2255 1689 2289 gessit..
1703 2262 1792 2282 ae...
1811 2255 1846 2288 P,
1869 2253 1971 2289 gessit
1990 2273 2067 2282 .....
2086 2261 2125 2281 ae

500 2309 545 2342 M,
568 2308 655 2343 gessi
877 2311 907 2337 S.
989 2311 1084 2336 10-11.
1104 2309 1143 2336 ab
1164 2308 1204 2336 iis
1224 2309 1277 2342 qni
1297 2308 1565 2343 gratificabantur
1584 2308 1723 2342 Madvig,
1745 2307 1798 2347 qb’
1820 2306 1879 2335 hee
1898 2306 2125 2349 significaban-

502 2382 548 2407 tui
569 2380 605 2412 P,
629 2379 744 2413 quibus
763 2379 823 2407 hee
842 2379 1110 2414 significabantur
1129 2381 1173 2410 M,
1197 2399 1396 2407 ............
1411 2379 1678 2413 significabantur
1698 2380 1728 2408 S.
1802 2381 1843 2406 12.
1862 2378 2034 2413 abrogavit
2051 2350 2125 2412 (11...

563 2433 607 2466 M,
631 2433 752 2467 abroga
773 2453 886 2460 .......
909 2434 936 2460 S.
982 2434 1056 2460 Post
1077 2434 1115 2460 12
1136 2434 1245 2467 Stanyl
1272 2434 1327 2460 lac.
1352 2433 1473 2460 statuit.
1520 2434 1617 2460 14-19
1643 2436 1713 2467 post
1741 2434 1792 2466 75,
1820 2434 1839 2458 8
1862 2432 1975 2459 habent
2003 2432 2034 2465 C,
2063 2432 2126 2458 huc

503 2489 770 2521 transposuerunt
802 2486 1110 2520 Kiesslz‘ny-Schoell.
1220 2489 1260 2512 14.
1291 2485 1552 2520 derogationibus
1584 2485 1764 2518 Manutius,
1800 2483 2065 2519 subrogationibus
2095 2485 2125 2512 C.

503 2542 543 2566 16.
564 2546 624 2573 quo
652 2540 836 2572 Buecheler,
868 2546 927 2572 que
957 2540 1042 2572 PM,
1068 2547 1149 2572 (ntae
1178 2540 1209 2567 S.
1319 2542 1360 2566 18.
1380 2539 1463 2566 alias
1483 2538 1564 2579 leges
1583 2546 1682 2573 penas
1703 2540 1732 2566 S.
1841 2541 1882 2567 19.
1901 2537 2076 2573 pecuniam.
2094 2538 2126 2565 S.

502 2595 543 2620 2ο.
563 2594 678 2626 quartu
697 2600 720 2629 q5
740 2593 784 2625 M,
807 2592 952 2629 quantfiq;
969 2593 1003 2619 P.
1058 2594 1143 2620 esset
1165 2594 1192 2620 S.
1283 2596 1324 2620 21.
1345 2595 1393 2620 set
1413 2594 1442 2620 S.
1533 2595 1575 2620 22.
1594 2591 1698 2619 Liviis
1717 2592 1898 2624 Manutius,
1920 2591 2005 2619 vivis
2024 2592 2055 2624 S,
2078 2590 2124 2618 vi-

501 2645 564 2673 niis
584 2647 628 2679 M,
651 2644 750 2679 iunijs
769 2646 803 2672 P.

550 2748 569 2782 1
598 2748 790 2789 Quattuor
815 2748 972 2782 omnino
999 2757 1148 2792 genera
1169 2750 1277 2781 sunt:
1399 2748 1443 2782 17
1481 2747 1565 2781 Lex
1610 2746 1708 2781 haee
1749 2745 1980 2791 Calpurnia:
2025 2745 2122 2781 Dio

503 2806 604 2842 Cic.
630 2805 682 2840 ad
706 2806 785 2840 Att.
812 2805 869 2840 III
895 2806 951 2850 23,
979 2806 1020 2850 33
1046 2805 1091 2840 de
1116 2815 1193 2850 rep.
1220 2805 1278 2860 ΠΙ
1350 2805 1516 2840 XXXVI
1541 2805 1597 2850 38,
1620 2805 1660 2849 13
1684 2805 1799 2849 schol.
1819 2804 1910 2839 Bob.
1929 2803 2044 2850 Sylla
2061 2805 2123 2849 173

502 2865 558 2900 33.
1351 2864 1443 2899 Sest.
1472 2864 1556 2908 1333
1588 2864 1670 2899 Vat.
1695 2864 1758 2908 373
1784 2864 1919 2898 Plane.
1945 2863 2001 2898 83.

549 2923 571 2958 4
607 2924 648 2965 Q.
694 2924 862 2959 Caecilio
914 2923 963 2958 M.
1013 2922 1125 2961 Iunio
1176 2933 1276 2959 cos:
1399 2924 1512 2958 17-18
1538 2926 1629 2957 ante
1657 2923 1872 2958 biennium:
1896 2932 1931 2958 a.
1956 2922 2013 2958 67.
2042 2968 2048 2972 ι
2107 2967 2120 2977 ³

504 2994 537 3024 a.
565 2984 643 3021 109.
1397 2982 1440 3022 :21
1467 2982 1509 3016 L.
1530 2982 1675 3022 Marcio
1693 2981 1782 3018 Sex.
1797 2981 1894 3021 Iulio
1910 2991 1984 3021 cos.
2019 2991 2053 3016 a.
2066 2980 2122 3019 91.

2161 1061 2207 1098 10

2162 1447 2207 1483 15
