2300 3528
102 1005 149 1042 10

774 196 830 233 IN
856 194 1235 233 CORNELIANAM
1782 193 1829 228 83

157 349 160 352 Δ
186 298 240 340 ut
269 294 550 340 Ciceronem
588 306 759 350 parum
782 293 974 349 proprio
1001 293 1151 336 verbo
1179 305 1315 336 usum
1344 304 1445 334 esse
1472 291 1682 334 credam.
1747 290 1828 332 illo

184 373 316 420 enim
347 375 560 429 tempore
592 371 652 414 de
700 384 792 427 quo
839 371 1062 426 loquitur,
1096 371 1222 426 quod
1270 370 1359 412 fuit
1394 371 1498 424 post
1537 368 1649 411 XVI
1681 381 1830 411 annos

184 463 331 508 quam
362 461 501 506 reges
531 449 690 492 exacti
722 452 844 503 sunt,
878 449 1013 504 plebs
1043 449 1133 491 sibi
1156 449 1286 502 leges
1306 450 1517 490 sacratas
1539 459 1633 488 non
1666 446 1828 488 resti-

186 529 297 572 tuit
325 507 384 559 -2-
409 539 672 582 numquam
699 526 828 569 enim
856 526 1073 569 tribunos
1098 525 1251 580 plebis
1283 525 1519 567 habuerat
1539 549 1597 554 —
1618 523 1701 566 sed
1728 525 1827 565 tum

183 606 395 664 primum
437 617 519 648 eas
560 604 878 648 constituit.
943 615 1198 646 numerum
1231 603 1424 658 quidem
1459 613 1694 643 annorum
1727 604 1830 656 post

186 697 324 741 reges
354 686 549 728 exactos
585 695 696 726 cum
748 683 795 725 id
845 683 1024 725 factum
1072 685 1143 725 est
1189 682 1448 736 diligenter
1493 681 1662 736 posuit,
1696 680 1828 734 isque

186 762 277 807 fuit
299 762 354 807 A.
382 761 611 817 Verginio
643 761 854 803 Tricosto
880 760 931 802 L.
960 760 1158 802 Veturio
1184 758 1409 802 Cicurino
1435 771 1550 801 coss.
1614 760 1828 800 ceterum

185 840 382 896 quidam
414 852 509 883 non
542 839 636 882 duo
668 842 725 881 tr.
749 839 826 894 pL,
851 840 902 880 ut
921 837 1090 880 Cicero
1113 837 1242 891 dicit,
1275 837 1358 879 sed
1390 836 1602 891 quinque
1636 835 1830 878 tradunt

186 920 370 962 creatos
396 919 497 960 tum
525 929 626 960 esse
652 916 863 972 singulos
896 928 957 958 ex
989 915 1189 970 singulis
1220 915 1462 958 classibus.
1527 916 1636 956 sunt
1668 915 1828 956 tamen

186 995 268 1052 qui
301 994 507 1038 eundem
539 994 676 1036 illum
710 994 914 1036 duorum
953 1004 1206 1035 numerum
1250 1004 1391 1046 quem
1426 990 1593 1034 Cicero
1625 992 1828 1046 ponant:

186 1073 313 1116 inter
343 1085 460 1128 quos
494 1071 758 1114 Tuditanus
800 1074 847 1113 et
887 1070 1174 1125 Pomponius
1211 1069 1409 1123 Atticus,
1443 1069 1609 1111 Livius
1641 1080 1828 1122 quoque

186 1152 359 1194 noster.
421 1150 549 1192 idem
586 1149 666 1191 hic
706 1152 754 1191 et
795 1147 1059 1190 Tuditanus
1100 1147 1317 1190 adiciunt
1354 1149 1449 1189 tres
1486 1149 1737 1201 praeterea
1769 1145 1829 1187 ab

186 1228 282 1271 illis
306 1227 492 1271 duobus
516 1226 598 1282 qui
626 1226 839 1281 collegae
862 1226 1017 1269 essent
1038 1238 1102 1268 ew
1125 1225 1224 1280 leye
1250 1228 1435 1267 creatos
1457 1237 1571 1267 esse.
1637 1223 1831 1265 nomina

185 1306 404 1359 duorum,
427 1305 509 1360 qui
541 1304 684 1360 primi
723 1304 872 1346 creati
914 1306 1038 1353 sunt,
1081 1303 1201 1345 haec
1233 1303 1506 1345 traduntur:
1540 1302 1590 1344 L.
1624 1301 1830 1344 Sicinius

185 1384 236 1428 L.
270 1384 299 1426 f.
332 1383 546 1438 Ve1utus,
579 1382 630 1424 L.
664 1382 885 1425 Albinius
916 1380 966 1424 C.
995 1382 1023 1423 f.
1057 1381 1349 1423 Paterculus.

275 1461 477 1517 Reliqua
527 1472 638 1516 pars
685 1460 826 1502 huius
877 1459 984 1512 loci,
1038 1471 1161 1514 quae
1209 1458 1417 1513 pertinet
1462 1458 1522 1500 ad
1569 1457 1828 1500 secundam

185 1539 570 1584 constitutionem
613 1538 914 1581 tribunorum
953 1540 1000 1580 et
1032 1537 1417 1580 decemvirorum
1452 1536 1638 1578 finitum
1683 1536 1828 1590 impe-

186 1619 327 1673 rium,
361 1620 409 1661 et
438 1617 654 1660 breviter
695 1618 743 1659 et
775 1619 939 1671 aperte
987 1615 1047 1658 ab
1095 1615 1195 1670 ipso
1244 1615 1432 1657 dicitur.
1506 1613 1700 1656 nomina
1731 1613 1830 1656 sola

187 1709 282 1740 non
313 1694 474 1749 adicit,
507 1694 614 1749 quis
646 1694 727 1736 ille
760 1706 822 1735 ex
853 1693 1142 1736 decemviris
1183 1693 1340 1746 fuerit,
1374 1693 1456 1747 qui
1489 1695 1657 1735 contra
1688 1692 1828 1734 liber·

187 1774 334 1815 tatem
366 1770 604 1814 vindicias
625 1770 825 1823 dederit,
849 1772 896 1812 et
917 1769 1023 1824 quis
1049 1769 1130 1811 ille
1153 1771 1290 1823 pater
1315 1771 1482 1811 contra
1514 1768 1651 1811 cuius
1683 1768 1829 1810 filiam

187 1849 236 1893 id
269 1849 498 1902 decrerit3
531 1848 715 1891 scilicet
747 1847 873 1903 quod
900 1847 1198 1890 notissimum
1226 1849 1297 1889 est
1328 1846 1659 1889 decemvirum
1694 1846 1829 1889 illum

185 1928 394 1984 Appium
427 1925 681 1970 Claudium
723 1925 880 1978 fuisse,
915 1927 1100 1980 patrem
1149 1927 1310 1967 autem
1344 1924 1548 1979 virginis
1579 1924 1629 1966 L.
1663 1923 1829 1978 Vergi-

276 2061 301 2086 2.
321 2057 359 2086 de
381 2059 411 2087 S.
435 2065 492 2084 om.
511 2057 591 2084 PM.
676 2058 700 2083 3.
721 2062 874 2084 sacranos
895 2056 923 2083 S.
1014 2057 1039 2082 5.
1059 2062 1115 2083 eas
1137 2055 1316 2088 Manutius,
1341 2062 1395 2082 eos
1420 2057 1450 2082 C.
1506 2062 1590 2082 anno
1611 2061 1767 2082 annorum
1789 2055 1832 2082 M.

185 2115 211 2141 6.
231 2120 303 2142 cum
327 2112 431 2143 Clark,
454 2117 550 2145 quam
576 2111 606 2138 C.
671 2109 778 2144 posuit
804 2109 895 2144 isque
922 2109 1060 2143 Madviy,
1093 2108 1247 2142 posuistis
1268 2108 1387 2143 (posuit
1407 2108 1434 2135 is
1455 2109 1555 2142 Pmass')
1577 2107 1631 2141 qui
1653 2107 1686 2143 μ’]
1706 2107 1740 2141 S)
1762 2108 1827 2141 ΒΡ,

185 2166 293 2203 posuit
310 2165 340 2194 is
359 2165 413 2200 qui
434 2166 477 2193 M.
586 2167 611 2191 7.
631 2163 781 2199 Virginio
802 2165 844 2190 M.
906 2163 1039 2191 Veturio
1061 2163 1183 2195 Baiter,
1206 2163 1356 2190 Vetrurio
1382 2163 1411 2191 C.
1476 2161 1626 2190 Cicurino
1647 2162 1828 2195 Manutius,

186 2220 326 2250 citurino
345 2220 377 2254 S,
400 2218 549 2248 cerurino
569 2219 604 2251 Ρ,
637 2217 786 2246 ercurino
806 2219 849 2245 Μ.
946 2220 970 2244 8.
991 2217 1120 2251 quidam
1142 2217 1312 2249 Bet-aldus,
1346 2216 1474 2250 quidem
1500 2217 1530 2244 C.
1622 2218 1664 2244 10.
1684 2218 1783 2250 ponat
1802 2217 1831 2243 S.

124 2307 128 2310 ,
186 2277 228 2303 11.
248 2273 328 2303 duos
347 2274 378 2302 S.
441 2272 622 2301 Tuditanus
652 2272 832 2305 Manutius,
867 2270 1018 2298 tudianus
1048 2271 1114 2304 SP,
1148 2270 1323 2298 tuciitanus
1352 2271 1391 2297 M
1416 2270 1474 2304 (ita
1503 2269 1600 2304 mox).
1665 2269 1832 2304 pompeius

185 2327 333 2357 aethicus
352 2328 383 2362 S,
406 2326 573 2363 pompeius
593 2325 718 2354 acticus
738 2326 781 2352 M.
842 2324 1004 2359 liviusque
1024 2325 1059 2351 P.
1150 2327 1192 2351 12.
1215 2324 1272 2351 tris
1293 2324 1326 2350 P.
1417 2325 1459 2350 13.
1479 2322 1533 2357 qui
1555 2323 1702 2357 collegae
1723 2326 1832 2351 essent

186 2390 225 2411 ex
244 2382 319 2418 iege
341 2381 462 2417 (essent
483 2381 554 2408 add.
579 2381 683 2413 Clark,
707 2379 781 2414 lege
801 2379 935 2413 Purser)
958 2379 1078 2413 Stanyl,
1111 2377 1163 2412 qui
1196 2378 1270 2412 (que
1291 2378 1337 2413 M)
1368 2377 1494 2412 college
1525 2378 1548 2405 S
1556 2378 1600 2410 M,
1633 2377 1778 2412 collegas
1798 2378 1831 2404 Ρ.

187 2440 230 2466 14.
249 2436 284 2464 L.
298 2437 378 2470 PM,
404 2427 446 2463 ·'1-
465 2437 495 2464 S.
551 2434 672 2463 sicinus
693 2435 768 2462 SM.
842 2436 884 2462 15.
906 2434 939 2461 L.
961 2433 1110 2461 Albinius
1133 2433 1235 2465 (-nus)
1256 2433 1325 2460 Liv.
1342 2433 1384 2465 ΙΙ,
1404 2434 1458 2465 33,
1482 2431 1616 2459 libinius
1636 2433 1666 2465 S,
1690 2431 1832 2459 lavinius

186 2492 221 2525 P,
244 2490 389 2519 labinius
407 2491 451 2518 M.
509 2489 700 2518 Paterculus
717 2497 750 2524 p,
774 2488 952 2523 patriculus
978 2488 1008 2516 C.
1082 2490 1125 2515 18.
1145 2494 1184 2515 ex
1206 2489 1316 2521 aperte
1337 2488 1370 2514 et
1389 2486 1532 2514 breviter
1552 2487 1595 2514 M.
1669 2487 1710 2513 19.
1730 2485 1783 2520 qui
1798 2487 1829 2516 S.

187 2553 245 2572 om.
259 2544 339 2572 ΡΜ
412 2545 455 2571 20.
474 2542 637 2571 vindicias
650 2542 822 2575 Eurotam,
841 2541 984 2569 vindicte
1005 2542 1035 2569 C.
1091 2540 1193 2568 filium
1210 2541 1284 2568 SM.
1358 2543 1400 2567 21.
1415 2539 1555 2568 decrerit
1573 2540 1669 2567 CFG
1683 2540 1828 2572 Mueller,

186 2597 332 2628 decrevit
356 2598 387 2626 0.
460 2599 502 2625 22.
522 2599 630 2625 autem
651 2598 775 2631 patrem
795 2596 870 2623 SM.
925 2595 1109 2630 νει-3111111111
1131 2595 1180 2627 1³²,
1203 2594 1381 2629 virginium
1406 2595 1436 2622 C.

186 2713 273 2748 iura
297 2711 430 2757 aliqua
456 2710 533 2746 iam
555 2713 674 2746 antea
692 2710 823 2753 fuisse,
845 2719 971 2755 caque
1095 2708 1212 2743 13-14
1237 2709 1398 2743 nomina
1416 2707 1582 2742 duorum
1603 2712 1695 2743 etc:
1724 2707 1830 2742 Liv.

187 2775 270 2808 tum
308 2771 490 2807 restituta
515 2775 554 2805 et
580 2774 699 2805 aucta
734 2770 971 2815 legibusque
1046 2768 1084 2804 II
1110 2769 1175 2811 333
1203 2768 1415 2814 Dionys.
1440 2767 1493 2802 VI
1519 2767 1576 2812 45,
1603 2768 1672 2811 893
1699 2767 1830 2802 Plut.

187 2831 352 2868 sacratis
378 2830 609 2866 confirmata
634 2840 720 2865 esse
736 2844 767 2863 ».
1049 2830 1133 2866 Cor.
1164 2830 1194 2864 7.

237 2892 257 2928 7
283 2891 328 2926 Α.
355 2889 543 2936 Verginio
569 2889 747 2925 Tricosto
783 2889 826 2923 L.
852 2889 971 2924 Vetu-
1093 2889 1138 2923 ‘22
1164 2892 1316 2934 patrem
1356 2892 1487 2923 autem
1527 2888 1693 2933 virginis
1732 2890 1830 2922 etc:

187 2951 244 2988 rio
270 2949 453 2988 Cicurino
480 2959 596 2986 cossa
622 2959 656 2987 a.
682 2949 762 2986 494.
1046 2949 1153 2987 Liv.
1192 2947 1250 2984 III
1293 2948 1434 2993 44-483
1476 2947 1619 2985 Diod.
1664 2947 1718 2991 12,
1762 2946 1830 2993 243

1868 843 1911 878 77
1934 844 1965 878 (J

1871 1465 1914 1500 77
1927 1465 1962 1499 B
