2300 3528
823 193 877 230 IN
903 192 1227 229 PISONIANAM
1804 192 1846 226 11

200 294 318 336 natu
342 291 546 347 legendo
566 291 900 347 praeterirent,
927 303 1051 334 neve
1074 303 1169 346 qua
1190 290 1454 345 ignominia
1475 291 1734 343 afficerent,
1756 288 1847 331 nisi

200 369 283 426 qui
304 370 431 426 apud
453 382 533 413 eos
554 372 805 412 accusatus
827 372 875 412 et
897 369 1143 424 utriusque
1165 369 1375 411 censoris
1396 368 1633 411 sententia
1649 367 1847 410 damna-

200 449 277 492 tus
306 450 442 491 esset.
504 448 597 490 hac
628 460 742 503 ergo
775 448 878 490 eius
909 447 1016 502 lege
1049 459 1316 501 censuram,
1350 459 1473 502 quae
1501 445 1730 500 magistra
1761 457 1844 500 pu·
1884 454 1906 489 9
1927 454 1960 490 0

199 524 328 570 doris
358 528 407 569 et
437 526 697 569 modestiae
729 528 812 580 est,
845 526 1081 568 sublatam
1115 525 1194 567 ait.

139 682 164 720 5
827 674 1030 718 PAVLO
1063 674 1212 719 POST

271 774 333 830 (ξ
369 772 456 824 11.)
503 771 882 825 Persequere
935 770 1312 813 continentes
1366 769 1452 812 his
1504 769 1844 811 funeribus

196 849 347 892 dies.
411 861 516 904 pro
547 849 796 891 Aurelio
829 849 1128 902 tribunali,
1163 861 1231 890 ne
1276 848 1581 891 conivente
1614 847 1840 902 quidem

197 929 276 982 te,
314 926 471 982 quod
502 927 696 982 ipsum
738 929 900 968 esset
939 927 1162 980 scelus,
1208 926 1309 968 sed
1353 925 1538 968 etiam
1576 925 1839 968 hilario-

195 1005 352 1048 ribus
383 1004 572 1048 oculis
603 1017 780 1059 quam
812 1004 1038 1046 solitus
1075 1016 1200 1047 eras
1232 1004 1542 1057 intuente,
1575 1003 1841 1046 dilectus

113 1095 159 1131 ιο
193 1095 500 1126 servorum
532 1083 872 1125 habebatur
903 1082 968 1124 ab
1002 1095 1084 1136 eo,
1123 1082 1217 1136 qui
1250 1081 1398 1124 nihil
1431 1081 1543 1124 sibi
1579 1093 1838 1136 umquam

193 1173 304 1204 nec
343 1160 551 1203 facere
588 1169 707 1203 ‘nec
750 1160 882 1215 pati
926 1163 1108 1214 turpe
1150 1160 1349 1202 duxit.

281 1238 499 1282 Profecto
531 1238 810 1293 intellegitis
842 1238 890 1280 P.
925 1237 1143 1281 Clodium
1171 1238 1447 1292 significari.

662 1387 776 1431 CIR.
810 1387 945 1430 VER.
978 1387 1019 1430 A
1051 1387 1241 1431 PRIMO
1270 1387 1363 1430 DC.

190 1484 309 1528 dicit
338 1484 398 1527 de
430 1482 638 1527 Castoris
669 1483 872 1538 templo:

107 1577 154 1612 15
280 1563 326 1615 (ξ
358 1561 448 1614 23.)
501 1561 562 1604 Id
614 1563 818 1603 autem
866 1560 1162 1615 templum
1215 1559 1460 1602 sublato
1508 1559 1699 1614 aditu,
1749 1572 1834 1602 re·
1876 1575 1978 1611 1013

189 1638 390 1682 volsis
426 1638 744 1694 gradibus,
778 1651 807 1680 a
848 1638 1290 1680 coniuratorum
1333 1637 1627 1692 reliquiis
1663 1640 1834 1692 atque

187 1727 219 1758 a
251 1713 564 1757 Catilinae
596 1714 1114 1769 praevaricatore
1142 1714 1450 1768 quondam,
1483 1716 1596 1755 tum
1632 1714 1833 1768 ultore,

186 1793 372 1836 armis
415 1795 763 1836 teneretur.

276 1870 533 1915 Catilinam
580 1872 686 1926 lege
720 1871 1095 1926 repetundarum
1129 1871 1398 1913 absolutum
1431 1883 1533 1913 esse
1576 1874 1832 1913 accusante

102 1966 150 2002 20
185 1949 234 1992 P.
268 1948 432 1993 Clodio
465 1949 561 1991 iam
593 1961 740 2003 supra
770 1949 952 1991 dictum
985 1950 1068 1991 est.

898 2098 1121 2141 STATIM
1867 2117 1889 2152 9
1908 2117 1978 2153 ΚΒ

273 2193 412 2238 Cum
445 2195 689 2250 equites
725 2194 781 2237 R.
831 2195 1304 2249 relegarentur,
1338 2195 1460 2237 viri
1493 2195 1634 2237 boni
1673 2196 1827 2250 lapi-

182 2273 364 2316 dibus
400 2285 427 2317 e
465 2273 600 2315 foro
638 2273 1049 2328 pellerentur.

270 2404 296 2430 3.
315 2409 452 2431 censura
470 2403 500 2430 S.
597 2405 622 2429 4.
643 2402 690 2430 ait
710 2402 890 2435 Manutius,
914 2402 982 2430 adit
1002 2403 1077 2436 SM,
1101 2402 1191 2431 addit
1210 2404 1244 2430 P.
1348 2405 1373 2431 5.
1392 2411 1451 2430 om.
1474 2404 1515 2431 Μ.
1619 2406 1645 2431 6.
1664 2411 1828 2432 connexos

181 2455 280 2491 Pma³
297 2463 338 2484 ex
360 2456 420 2485 cic.
493 2459 518 2484 ·1.
533 2456 686 2484 tribunali
702 2456 850 2491 Poyfius,
878 2456 948 2490 Cic„
967 2456 1095 2484 tribuno
1114 2458 1194 2490 PM,
1219 2459 1256 2485 tr.
1276 2458 1305 2485 S.
1361 2465 1401 2485 ne
1417 2457 1611 2486 connivente
1627 2459 1675 2485 P·
1693 2466 1735 2485 ox
1752 2458 1823 2491 Cic„

181 2516 242 2538 nee
260 2512 422 2539 annuente
443 2511 476 2544 Ρ,
500 2518 560 2538 nee
581 2519 621 2538 an
642 2510 795 2538 veniente
815 2512 889 2538 SM.
985 2514 1027 2539 10.
1047 2510 1250 2539 habebantur
1269 2513 1299 2539 S.
1391 2515 1433 2539 11.
1455 2513 1545 2546 turpe
1565 2520 1623 2539 om.
1643 2513 1686 2540 M.
1736 2515 1827 2547 turpe

182 2570 253 2591 esse
277 2563 338 2592 Cic.
392 2563 475 2592 dixit
495 2566 570 2592 SM.
655 2567 696 2591 12.
717 2564 912 2598 intellegitis
932 2565 1054 2598 Baiter,
1078 2564 1276 2600 intelligitur
1300 2566 1330 2594 C'.
1404 2568 1446 2593 13.
1473 2573 1532 2594 om.
1552 2567 1594 2594 M.
1650 2565 1772 2594 CIRCA
1792 2568 1827 2595 P.

180 2615 244 2645 Dc.
262 2617 573 2653 Kioesliny-Schoell,
597 2626 654 2645 om.
675 2619 740 2645 SP.
815 2620 857 2645 16.
878 2617 1026 2652 reliquiis
1050 2618 1120 2652 Cic„
1144 2618 1278 2653 reliquis
1297 2620 1326 2647 C.
1383 2622 1480 2654 atque
1501 2627 1521 2648 a
1544 2620 1614 2653 Cic„
1639 2623 1735 2654 atque
1757 2628 1772 2659 a
1791 2621 1822 2653 Ι),

180 2673 277 2706 atque
297 2671 372 2698 SM.
444 2673 540 2699 17-18.
562 2674 626 2699 tum
648 2672 751 2700 ultore
772 2671 872 2700 armis
892 2673 938 2699 Ρ3
957 2681 998 2699 ear
1022 2672 1093 2706 Cic„
1117 2673 1348 2700 tumultuarum
1369 2673 1398 2700 is
1423 2675 1454 2702 C.
1542 2677 1584 2702 18.
1606 2676 1770 2702 teneretur
1791 2676 1822 2708 S,

181 2726 309 2753 tenetur
327 2725 406 2752 PM.
479 2728 521 2753 19.
534 2725 716 2753 emelinam
738 2727 767 2753 S.
840 2728 883 2754 20.
909 2733 1006 2760 supra
1025 2734 1083 2754 om.
1102 2727 1136 2754 P.
1228 2730 1271 2754 21.
1290 2735 1347 2755 om.
1368 2728 1410 2755 M.
1483 2730 1526 2756 22.
1547 2728 1772 2763 relegarentur
1789 2737 1822 2764 p,

184 2778 256 2812 oie..
278 2780 472 2813 rogarentur
486 2779 517 2813 S,
575 2782 774 2814 negarentur
794 2781 837 2813 M,
861 2783 1056 2809 necarentur
1074 2781 1109 2809 P.

227 2898 272 2933 19
297 2879 520 2934 absolutum
548 2910 654 2936 esse:
693 2911 727 2935 a.
765 2900 829 2936 65:
867 2899 969 2937 Cic.
1004 2901 1057 2936 ad
1081 2902 1160 2938 Att.
1188 2903 1220 2947 1,
1247 2902 1304 2948 16,
1330 2903 1372 2950 93
1409 2905 1451 2939 in
1487 2905 1564 2940 Pis.
1592 2905 1650 2950 39,
1676 2905 1740 2951 953
1778 2905 1823 2943 de

177 2958 263 2994 har.
291 2969 324 2992 r.
353 2958 408 3004 10,
435 2958 492 2994 42.
