<?xml version="1.0" encoding="UTF-8"?>
<!DOCTYPE html PUBLIC "-//W3C//DTD XHTML 1.0 Transitional//EN"
    "http://www.w3.org/TR/xhtml1/DTD/xhtml1-transitional.dtd">
<html xmlns="http://www.w3.org/1999/xhtml" xml:lang="en" lang="en">
 <head>
  <title>
</title>
<meta http-equiv="Content-Type" content="text/html;charset=utf-8" />
  <meta name='ocr-system' content='tesseract 3.04.00' />
  <meta name='ocr-capabilities' content='ocr_page ocr_carea ocr_par ocr_line ocrx_word'/>
</head>
<body>
  <div class='ocr_page' id='page_1' title='image "./qasconiipedianic00ascouoft_0057.png"; bbox 0 0 2300 3528; ppageno 0'>
   <div class='ocr_carea' id='block_1_1' title="bbox 75 1041 122 1078">
    <p class='ocr_par' dir='ltr' id='par_1_1' title="bbox 75 1041 122 1078">
     <span class='ocr_line' id='line_1_1' title="bbox 75 1041 122 1078; baseline 0.021 -1"><span class='ocrx_word' id='word_1_1' title='bbox 75 1041 122 1078; x_wconf 87' lang='lat'><strong>10</strong></span> 
     </span>
    </p>
   </div>
   <div class='ocr_carea' id='block_1_2' title="bbox 776 235 1807 275">
    <p class='ocr_par' dir='ltr' id='par_1_2' title="bbox 776 235 1807 275">
     <span class='ocr_line' id='line_1_2' title="bbox 776 235 1807 275; baseline -0.018 0"><span class='ocrx_word' id='word_1_2' title='bbox 776 235 828 275; x_wconf 71' lang='lat' dir='ltr'><strong>IN</strong></span> <span class='ocrx_word' id='word_1_3' title='bbox 855 235 1191 275; x_wconf 73' lang='lat' dir='ltr'><strong>scAvaNAM</strong></span> <span class='ocrx_word' id='word_1_4' title='bbox 1761 237 1807 272; x_wconf 97' lang='grc'><strong>33</strong></span> 
     </span>
    </p>
   </div>
   <div class='ocr_carea' id='block_1_3' title="bbox 157 333 1947 1250">
    <p class='ocr_par' dir='ltr' id='par_1_3' title="bbox 160 333 1804 472">
     <span class='ocr_line' id='line_1_3' title="bbox 160 333 1804 392; baseline -0.002 -13"><span class='ocrx_word' id='word_1_5' title='bbox 160 337 272 379; x_wconf 86' lang='lat' dir='ltr'><strong>ante</strong></span> <span class='ocrx_word' id='word_1_6' title='bbox 317 347 494 392; x_wconf 85' lang='lat' dir='ltr'><strong>paucos</strong></span> <span class='ocrx_word' id='word_1_7' title='bbox 541 348 728 378; x_wconf 90' lang='lat' dir='ltr'><strong>menses</strong></span> <span class='ocrx_word' id='word_1_8' title='bbox 758 339 987 391; x_wconf 83' lang='lat' dir='ltr'><strong>nupserat</strong></span> <span class='ocrx_word' id='word_1_9' title='bbox 1017 336 1214 378; x_wconf 86' lang='lat' dir='ltr'><strong>dimissa</strong></span> <span class='ocrx_word' id='word_1_10' title='bbox 1236 348 1264 377; x_wconf 84' lang='lat' dir='ltr'><strong>a</strong></span> <span class='ocrx_word' id='word_1_11' title='bbox 1285 334 1523 389; x_wconf 88' lang='lat' dir='ltr'><strong>Memmio,</strong></span> <span class='ocrx_word' id='word_1_12' title='bbox 1557 338 1604 377; x_wconf 90' lang='lat' dir='ltr'><strong>et</strong></span> <span class='ocrx_word' id='word_1_13' title='bbox 1636 333 1685 377; x_wconf 81' lang='lat' dir='ltr'>G.</span> <span class='ocrx_word' id='word_1_14' title='bbox 1719 335 1804 377; x_wconf 90' lang='lat' dir='ltr'><strong>Pe-</strong></span> 
     </span>
     <span class='ocr_line' id='line_1_4' title="bbox 160 412 1367 472; baseline -0.001 -15"><span class='ocrx_word' id='word_1_15' title='bbox 160 414 372 472; x_wconf 80' lang='lat' dir='ltr'><strong>ducaeus</strong></span> <span class='ocrx_word' id='word_1_16' title='bbox 402 416 451 457; x_wconf 89' lang='lat' dir='ltr'><strong>et</strong></span> <span class='ocrx_word' id='word_1_17' title='bbox 482 412 531 457; x_wconf 87' lang='lat' dir='ltr'>C.</span> <span class='ocrx_word' id='word_1_18' title='bbox 565 413 680 456; x_wconf 86' lang='lat' dir='ltr'><strong>Cato</strong></span> <span class='ocrx_word' id='word_1_19' title='bbox 708 417 756 456; x_wconf 92' lang='lat' dir='ltr'><strong>et</strong></span> <span class='ocrx_word' id='word_1_20' title='bbox 786 414 845 456; x_wconf 92' lang='lat' dir='ltr'><strong>M.</strong></span> <span class='ocrx_word' id='word_1_21' title='bbox 878 414 1064 457; x_wconf 82' lang='lat' dir='ltr'>Laenas</span> <span class='ocrx_word' id='word_1_22' title='bbox 1096 413 1367 456; x_wconf 87' lang='lat' dir='ltr'><strong>Curtianus.</strong></span> 
     </span>
    </p>

    <p class='ocr_par' dir='ltr' id='par_1_4' title="bbox 158 490 1940 703">
     <span class='ocr_line' id='line_1_5' title="bbox 245 490 1940 546; baseline -0.003 -12"><span class='ocrx_word' id='word_1_23' title='bbox 245 490 515 535; x_wconf 88' lang='lat' dir='ltr'><strong>Sententias</strong></span> <span class='ocrx_word' id='word_1_24' title='bbox 554 492 770 535; x_wconf 91' lang='lat' dir='ltr'><strong>tulerunt</strong></span> <span class='ocrx_word' id='word_1_25' title='bbox 810 494 1053 536; x_wconf 84' lang='lat' dir='ltr'><strong>senatores</strong></span> <span class='ocrx_word' id='word_1_26' title='bbox 1105 492 1198 534; x_wconf 91' lang='lat' dir='ltr'><strong>duo</strong></span> <span class='ocrx_word' id='word_1_27' title='bbox 1241 495 1288 534; x_wconf 87' lang='lat' dir='ltr'><strong>et</strong></span> <span class='ocrx_word' id='word_1_28' title='bbox 1332 492 1441 546; x_wconf 90' lang='lat' dir='ltr'><strong>XX,</strong></span> <span class='ocrx_word' id='word_1_29' title='bbox 1483 491 1668 546; x_wconf 82' lang='lat' dir='ltr'><strong>equites</strong></span> <span class='ocrx_word' id='word_1_30' title='bbox 1709 493 1806 534; x_wconf 87' lang='lat' dir='ltr'><strong>tres</strong></span> <span class='ocrx_word' id='word_1_31' title='bbox 1845 495 1940 530; x_wconf 69' lang='lat'><strong>301:</strong></span> 
     </span>
     <span class='ocr_line' id='line_1_6' title="bbox 158 568 1804 624; baseline 0 -12"><span class='ocrx_word' id='word_1_32' title='bbox 158 570 208 612; x_wconf 92' lang='lat' dir='ltr'><strong>et</strong></span> <span class='ocrx_word' id='word_1_33' title='bbox 235 568 340 624; x_wconf 88' lang='lat' dir='ltr'><strong>XX,</strong></span> <span class='ocrx_word' id='word_1_34' title='bbox 373 569 555 612; x_wconf 88' lang='lat' dir='ltr'><strong>tribuni</strong></span> <span class='ocrx_word' id='word_1_35' title='bbox 587 570 764 613; x_wconf 90' lang='lat' dir='ltr'><strong>aerarii</strong></span> <span class='ocrx_word' id='word_1_36' title='bbox 796 569 952 613; x_wconf 90' lang='lat' dir='ltr'><strong>XXV:</strong></span> <span class='ocrx_word' id='word_1_37' title='bbox 986 582 1047 613; x_wconf 85' lang='lat' dir='ltr'><strong>ex</strong></span> <span class='ocrx_word' id='word_1_38' title='bbox 1079 569 1252 624; x_wconf 90' lang='lat' dir='ltr'><strong>quibus</strong></span> <span class='ocrx_word' id='word_1_39' title='bbox 1284 570 1639 613; x_wconf 85' lang='lat' dir='ltr'><strong>damnaverunt</strong></span> <span class='ocrx_word' id='word_1_40' title='bbox 1670 581 1804 612; x_wconf 83' lang='lat' dir='ltr'><strong>sena-</strong></span> 
     </span>
     <span class='ocr_line' id='line_1_7' title="bbox 158 646 1044 703; baseline 0 -13"><span class='ocrx_word' id='word_1_41' title='bbox 158 648 285 690; x_wconf 84' lang='lat' dir='ltr'><strong>tores</strong></span> <span class='ocrx_word' id='word_1_42' title='bbox 315 646 425 702; x_wconf 92' lang='lat'><strong>1111,</strong></span> <span class='ocrx_word' id='word_1_43' title='bbox 458 648 643 703; x_wconf 89' lang='lat' dir='ltr'><strong>equites</strong></span> <span class='ocrx_word' id='word_1_44' title='bbox 675 648 735 702; x_wconf 95' lang='lat' dir='ltr'><strong>II,</strong></span> <span class='ocrx_word' id='word_1_45' title='bbox 770 648 951 691; x_wconf 89' lang='lat' dir='ltr'><strong>tribuni</strong></span> <span class='ocrx_word' id='word_1_46' title='bbox 986 648 1044 690; x_wconf 95' lang='lat' dir='ltr'><strong>II.</strong></span> 
     </span>
    </p>

    <p class='ocr_par' dir='ltr' id='par_1_5' title="bbox 157 723 1947 1177">
     <span class='ocr_line' id='line_1_8' title="bbox 248 723 1947 781; baseline 0 -13"><span class='ocrx_word' id='word_1_47' title='bbox 248 723 364 768; x_wconf 81' lang='lat' dir='ltr'><strong>Cato</strong></span> <span class='ocrx_word' id='word_1_48' title='bbox 395 727 602 781; x_wconf 87' lang='lat' dir='ltr'><strong>praetor,</strong></span> <span class='ocrx_word' id='word_1_49' title='bbox 636 738 746 769; x_wconf 93' lang='lat' dir='ltr'><strong>cum</strong></span> <span class='ocrx_word' id='word_1_50' title='bbox 789 726 938 769; x_wconf 90' lang='lat' dir='ltr'><strong>vellet</strong></span> <span class='ocrx_word' id='word_1_51' title='bbox 975 726 1035 768; x_wconf 91' lang='lat' dir='ltr'><strong>de</strong></span> <span class='ocrx_word' id='word_1_52' title='bbox 1078 726 1436 769; x_wconf 88' lang='lat' dir='ltr'><strong>accusatoribus</strong></span> <span class='ocrx_word' id='word_1_53' title='bbox 1468 725 1519 768; x_wconf 93' lang='lat' dir='ltr'><strong>in</strong></span> <span class='ocrx_word' id='word_1_54' title='bbox 1551 726 1805 768; x_wconf 90' lang='lat' dir='ltr'><strong>consilium</strong></span> <span class='ocrx_word' id='word_1_55' title='bbox 1845 726 1892 762; x_wconf 76' lang='lat'><strong>29</strong></span> <span class='ocrx_word' id='word_1_56' title='bbox 1915 727 1947 762; x_wconf 80' lang='lat' dir='ltr'><em>C</em></span> 
     </span>
     <span class='ocr_line' id='line_1_9' title="bbox 157 802 1806 864; baseline 0 -18"><span class='ocrx_word' id='word_1_57' title='bbox 157 802 350 846; x_wconf 87' lang='lat' dir='ltr'><strong>mittere</strong></span> <span class='ocrx_word' id='word_1_58' title='bbox 381 803 616 864; x_wconf 87' lang='lat' dir='ltr'><strong>multique</strong></span> <span class='ocrx_word' id='word_1_59' title='bbox 649 816 675 847; x_wconf 93' lang='lat' dir='ltr'><strong>e</strong></span> <span class='ocrx_word' id='word_1_60' title='bbox 701 804 876 860; x_wconf 89' lang='lat' dir='ltr'><strong>populo</strong></span> <span class='ocrx_word' id='word_1_61' title='bbox 899 816 1069 847; x_wconf 91' lang='lat' dir='ltr'><strong>manus</strong></span> <span class='ocrx_word' id='word_1_62' title='bbox 1090 804 1140 846; x_wconf 91' lang='lat' dir='ltr'><strong>in</strong></span> <span class='ocrx_word' id='word_1_63' title='bbox 1161 806 1462 847; x_wconf 78' lang='lat' dir='ltr'><strong>accusatores</strong></span> <span class='ocrx_word' id='word_1_64' title='bbox 1485 804 1806 858; x_wconf 85' lang='lat' dir='ltr'><strong>intenderent,</strong></span> 
     </span>
     <span class='ocr_line' id='line_1_10' title="bbox 157 881 1806 938; baseline -0.001 -13"><span class='ocrx_word' id='word_1_65' title='bbox 157 881 300 925; x_wconf 82' lang='lat' dir='ltr'><strong>cessit</strong></span> <span class='ocrx_word' id='word_1_66' title='bbox 330 882 584 938; x_wconf 86' lang='lat' dir='ltr'><strong>imperitae</strong></span> <span class='ocrx_word' id='word_1_67' title='bbox 615 883 913 925; x_wconf 88' lang='lat' dir='ltr'><strong>multitudini</strong></span> <span class='ocrx_word' id='word_1_68' title='bbox 946 895 1003 925; x_wconf 91' lang='lat' dir='ltr'><strong>ac</strong></span> <span class='ocrx_word' id='word_1_69' title='bbox 1034 886 1222 938; x_wconf 89' lang='lat' dir='ltr'><strong>postero</strong></span> <span class='ocrx_word' id='word_1_70' title='bbox 1260 883 1338 925; x_wconf 90' lang='lat' dir='ltr'><strong>die</strong></span> <span class='ocrx_word' id='word_1_71' title='bbox 1376 883 1427 925; x_wconf 92' lang='lat' dir='ltr'><strong>in</strong></span> <span class='ocrx_word' id='word_1_72' title='bbox 1459 883 1714 926; x_wconf 90' lang='lat' dir='ltr'><strong>consilium</strong></span> <span class='ocrx_word' id='word_1_73' title='bbox 1748 883 1806 925; x_wconf 92' lang='lat' dir='ltr'><strong>de</strong></span> 
     </span>
     <span class='ocr_line' id='line_1_11' title="bbox 158 959 1807 1016; baseline 0 -13"><span class='ocrx_word' id='word_1_74' title='bbox 158 959 404 1003; x_wconf 82' lang='lat' dir='ltr'><strong>calumnia</strong></span> <span class='ocrx_word' id='word_1_75' title='bbox 419 963 753 1007; x_wconf 82' lang='lat' dir='ltr'><strong>accusatorum</strong></span> <span class='ocrx_word' id='word_1_76' title='bbox 771 961 912 1003; x_wconf 91' lang='lat' dir='ltr'><strong>misit.</strong></span> <span class='ocrx_word' id='word_1_77' title='bbox 966 961 1014 1003; x_wconf 92' lang='lat' dir='ltr'><strong>P.</strong></span> <span class='ocrx_word' id='word_1_78' title='bbox 1035 961 1250 1004; x_wconf 87' lang='lat' dir='ltr'><strong>Triarius</strong></span> <span class='ocrx_word' id='word_1_79' title='bbox 1276 961 1460 1003; x_wconf 90' lang='lat' dir='ltr'><strong>nullam</strong></span> <span class='ocrx_word' id='word_1_80' title='bbox 1483 973 1684 1016; x_wconf 86' lang='lat' dir='ltr'><strong>gravem</strong></span> <span class='ocrx_word' id='word_1_81' title='bbox 1703 973 1807 1003; x_wconf 89' lang='lat' dir='ltr'><strong>sen-</strong></span> 
     </span>
     <span class='ocr_line' id='line_1_12' title="bbox 158 1035 1808 1094; baseline -0.001 -12"><span class='ocrx_word' id='word_1_82' title='bbox 158 1035 360 1082; x_wconf 81' lang='lat' dir='ltr'><strong>tentiam</strong></span> <span class='ocrx_word' id='word_1_83' title='bbox 391 1038 579 1093; x_wconf 89' lang='lat' dir='ltr'><strong>habuit;</strong></span> <span class='ocrx_word' id='word_1_84' title='bbox 611 1039 958 1094; x_wconf 89' lang='lat' dir='ltr'><strong>subscriptores</strong></span> <span class='ocrx_word' id='word_1_85' title='bbox 995 1039 1099 1082; x_wconf 91' lang='lat' dir='ltr'><strong>eius</strong></span> <span class='ocrx_word' id='word_1_86' title='bbox 1129 1039 1188 1082; x_wconf 91' lang='lat' dir='ltr'><strong>M.</strong></span> <span class='ocrx_word' id='word_1_87' title='bbox 1223 1042 1272 1082; x_wconf 90' lang='lat' dir='ltr'><strong>et</strong></span> <span class='ocrx_word' id='word_1_88' title='bbox 1313 1038 1366 1092; x_wconf 82' lang='lat' dir='ltr'>Q.</span> <span class='ocrx_word' id='word_1_89' title='bbox 1399 1039 1600 1082; x_wconf 89' lang='lat' dir='ltr'><strong>Pacuvii</strong></span> <span class='ocrx_word' id='word_1_90' title='bbox 1634 1039 1808 1082; x_wconf 89' lang='lat' dir='ltr'><strong>fratres</strong></span> 
     </span>
     <span class='ocr_line' id='line_1_13' title="bbox 159 1115 1332 1177; baseline 0 -17"><span class='ocrx_word' id='word_1_91' title='bbox 159 1115 308 1160; x_wconf 82' lang='lat' dir='ltr'><strong>denas</strong></span> <span class='ocrx_word' id='word_1_92' title='bbox 338 1118 388 1160; x_wconf 90' lang='lat' dir='ltr'><strong>et</strong></span> <span class='ocrx_word' id='word_1_93' title='bbox 416 1116 468 1159; x_wconf 93' lang='lat' dir='ltr'><strong>L.</strong></span> <span class='ocrx_word' id='word_1_94' title='bbox 500 1116 679 1177; x_wconf 86' lang='lat' dir='ltr'><strong>Marius</strong></span> <span class='ocrx_word' id='word_1_95' title='bbox 710 1119 807 1160; x_wconf 88' lang='lat' dir='ltr'><strong>tres</strong></span> <span class='ocrx_word' id='word_1_96' title='bbox 839 1129 1014 1172; x_wconf 86' lang='lat' dir='ltr'><strong>graves</strong></span> <span class='ocrx_word' id='word_1_97' title='bbox 1045 1117 1332 1160; x_wconf 92' lang='lat' dir='ltr'><strong>habuerunt.</strong></span> 
     </span>
    </p>

    <p class='ocr_par' dir='ltr' id='par_1_6' title="bbox 249 1193 1809 1250">
     <span class='ocr_line' id='line_1_14' title="bbox 249 1193 1809 1250; baseline 0 -12"><span class='ocrx_word' id='word_1_98' title='bbox 249 1193 364 1238; x_wconf 84' lang='lat' dir='ltr'><strong>Cato</strong></span> <span class='ocrx_word' id='word_1_99' title='bbox 395 1197 590 1250; x_wconf 88' lang='lat' dir='ltr'><strong>praetor</strong></span> <span class='ocrx_word' id='word_1_100' title='bbox 619 1195 867 1250; x_wconf 92' lang='lat' dir='ltr'><strong>iudicium,</strong></span> <span class='ocrx_word' id='word_1_101' title='bbox 900 1196 1015 1250; x_wconf 88' lang='lat' dir='ltr'><strong>quia</strong></span> <span class='ocrx_word' id='word_1_102' title='bbox 1036 1198 1216 1238; x_wconf 85' lang='lat' dir='ltr'><strong>aestate</strong></span> <span class='ocrx_word' id='word_1_103' title='bbox 1237 1196 1485 1250; x_wconf 84' lang='lat' dir='ltr'><strong>agebatur,</strong></span> <span class='ocrx_word' id='word_1_104' title='bbox 1509 1195 1611 1238; x_wconf 89' lang='lat' dir='ltr'><strong>sine</strong></span> <span class='ocrx_word' id='word_1_105' title='bbox 1644 1194 1809 1238; x_wconf 90' lang='lat' dir='ltr'><strong>tunica</strong></span> 
     </span>
    </p>
   </div>
   <div class='ocr_carea' id='block_1_4' title="bbox 105 1272 1809 1329">
    <p class='ocr_par' dir='ltr' id='par_1_7' title="bbox 105 1272 1809 1329">
     <span class='ocr_line' id='line_1_15' title="bbox 105 1272 1809 1329; baseline 0 -13"><span class='ocrx_word' id='word_1_106' title='bbox 105 1279 108 1283; x_wconf 82' lang='grc'>·</span> <span class='ocrx_word' id='word_1_107' title='bbox 159 1272 392 1328; x_wconf 85' lang='lat' dir='ltr'><strong>exercuit,</strong></span> <span class='ocrx_word' id='word_1_108' title='bbox 419 1273 675 1329; x_wconf 88' lang='lat' dir='ltr'><strong>campestri</strong></span> <span class='ocrx_word' id='word_1_109' title='bbox 717 1273 804 1316; x_wconf 91' lang='lat' dir='ltr'><strong>sub</strong></span> <span class='ocrx_word' id='word_1_110' title='bbox 839 1276 949 1328; x_wconf 86' lang='lat' dir='ltr'><strong>toga</strong></span> <span class='ocrx_word' id='word_1_111' title='bbox 980 1274 1178 1316; x_wconf 86' lang='lat' dir='ltr'><strong>cinctus.</strong></span> <span class='ocrx_word' id='word_1_112' title='bbox 1243 1274 1293 1316; x_wconf 94' lang='lat' dir='ltr'><strong>in</strong></span> <span class='ocrx_word' id='word_1_113' title='bbox 1326 1274 1484 1316; x_wconf 87' lang='lat' dir='ltr'><strong>forum</strong></span> <span class='ocrx_word' id='word_1_114' title='bbox 1517 1286 1707 1329; x_wconf 92' lang='lat' dir='ltr'><strong>quoque</strong></span> <span class='ocrx_word' id='word_1_115' title='bbox 1740 1273 1809 1316; x_wconf 91' lang='lat' dir='ltr'><strong>sic</strong></span> 
     </span>
    </p>
   </div>
   <div class='ocr_carea' id='block_1_5' title="bbox 75 1431 123 1467">
    <p class='ocr_par' dir='ltr' id='par_1_8' title="bbox 75 1431 123 1467">
     <span class='ocr_line' id='line_1_16' title="bbox 75 1431 123 1467; baseline 0.021 -1"><span class='ocrx_word' id='word_1_116' title='bbox 75 1431 123 1467; x_wconf 77' lang='lat'><strong>15</strong></span> 
     </span>
    </p>
   </div>
   <div class='ocr_carea' id='block_1_6' title="bbox 159 1349 1809 1562">
    <p class='ocr_par' dir='ltr' id='par_1_9' title="bbox 159 1349 1809 1562">
     <span class='ocr_line' id='line_1_17' title="bbox 159 1349 1808 1407; baseline 0 -13"><span class='ocrx_word' id='word_1_117' title='bbox 159 1349 482 1394; x_wconf 86' lang='lat' dir='ltr'><strong>descendebat</strong></span> <span class='ocrx_word' id='word_1_118' title='bbox 511 1351 681 1407; x_wconf 91' lang='lat' dir='ltr'><strong>iusque</strong></span> <span class='ocrx_word' id='word_1_119' title='bbox 713 1351 918 1406; x_wconf 91' lang='lat' dir='ltr'><strong>dicebat,</strong></span> <span class='ocrx_word' id='word_1_120' title='bbox 951 1351 1096 1407; x_wconf 91' lang='lat' dir='ltr'><strong>idque</strong></span> <span class='ocrx_word' id='word_1_121' title='bbox 1123 1352 1385 1407; x_wconf 85' lang='lat' dir='ltr'><strong>repetierat</strong></span> <span class='ocrx_word' id='word_1_122' title='bbox 1411 1365 1472 1394; x_wconf 82' lang='lat' dir='ltr'><strong>ex</strong></span> <span class='ocrx_word' id='word_1_123' title='bbox 1500 1354 1665 1395; x_wconf 88' lang='lat' dir='ltr'><strong>vetere</strong></span> <span class='ocrx_word' id='word_1_124' title='bbox 1699 1364 1808 1394; x_wconf 88' lang='lat' dir='ltr'><strong>con-</strong></span> 
     </span>
     <span class='ocr_line' id='line_1_18' title="bbox 159 1421 1809 1500; baseline -0.001 -28"><span class='ocrx_word' id='word_1_125' title='bbox 159 1421 427 1500; x_wconf 74' lang='lat' dir='ltr'><strong>suetudine,</strong></span> <span class='ocrx_word' id='word_1_126' title='bbox 473 1429 738 1472; x_wconf 87' lang='lat' dir='ltr'><strong>secundum</strong></span> <span class='ocrx_word' id='word_1_127' title='bbox 780 1441 924 1484; x_wconf 89' lang='lat' dir='ltr'><strong>quam</strong></span> <span class='ocrx_word' id='word_1_128' title='bbox 963 1432 1011 1472; x_wconf 91' lang='lat' dir='ltr'><strong>et</strong></span> <span class='ocrx_word' id='word_1_129' title='bbox 1052 1429 1240 1472; x_wconf 91' lang='lat' dir='ltr'><strong>Romuli</strong></span> <span class='ocrx_word' id='word_1_130' title='bbox 1283 1441 1341 1471; x_wconf 92' lang='lat' dir='ltr'><strong>ac</strong></span> <span class='ocrx_word' id='word_1_131' title='bbox 1383 1427 1507 1472; x_wconf 90' lang='lat' dir='ltr'><strong>Tatii</strong></span> <span class='ocrx_word' id='word_1_132' title='bbox 1540 1432 1726 1471; x_wconf 90' lang='lat' dir='ltr'><strong>statuae</strong></span> <span class='ocrx_word' id='word_1_133' title='bbox 1760 1428 1809 1471; x_wconf 90' lang='lat' dir='ltr'><strong>in</strong></span> 
     </span>
     <span class='ocr_line' id='line_1_19' title="bbox 160 1505 1809 1562; baseline 0 -13"><span class='ocrx_word' id='word_1_134' title='bbox 160 1505 392 1562; x_wconf 84' lang='lat' dir='ltr'><strong>Capitolio</strong></span> <span class='ocrx_word' id='word_1_135' title='bbox 425 1508 473 1549; x_wconf 91' lang='lat' dir='ltr'><strong>et</strong></span> <span class='ocrx_word' id='word_1_136' title='bbox 503 1506 554 1549; x_wconf 88' lang='lat' dir='ltr'><strong>in</strong></span> <span class='ocrx_word' id='word_1_137' title='bbox 586 1506 765 1550; x_wconf 85' lang='lat' dir='ltr'><strong>Rostris</strong></span> <span class='ocrx_word' id='word_1_138' title='bbox 802 1505 992 1550; x_wconf 85' lang='lat' dir='ltr'><strong>Camilli</strong></span> <span class='ocrx_word' id='word_1_139' title='bbox 1031 1506 1227 1550; x_wconf 87' lang='lat' dir='ltr'><strong>fuerunt</strong></span> <span class='ocrx_word' id='word_1_140' title='bbox 1259 1509 1449 1561; x_wconf 86' lang='lat' dir='ltr'><strong>togatae</strong></span> <span class='ocrx_word' id='word_1_141' title='bbox 1482 1507 1586 1549; x_wconf 89' lang='lat' dir='ltr'><strong>sine</strong></span> <span class='ocrx_word' id='word_1_142' title='bbox 1620 1505 1809 1549; x_wconf 90' lang='lat' dir='ltr'><strong>tunicis.</strong></span> 
     </span>
    </p>
   </div>
   <div class='ocr_carea' id='block_1_7' title="bbox 158 1651 1815 1960">
    <p class='ocr_par' dir='ltr' id='par_1_10' title="bbox 158 1651 1815 1960">
     <span class='ocr_line' id='line_1_20' title="bbox 252 1651 1808 1690; baseline 0 -9"><span class='ocrx_word' id='word_1_143' title='bbox 252 1655 278 1681; x_wconf 85' lang='lat'>1.</span> <span class='ocrx_word' id='word_1_144' title='bbox 298 1652 442 1682; x_wconf 73' lang='lat' dir='ltr'><strong>demissa</strong></span> <span class='ocrx_word' id='word_1_145' title='bbox 459 1655 491 1682; x_wconf 87' lang='lat' dir='ltr'><strong>S.</strong></span> <span class='ocrx_word' id='word_1_146' title='bbox 564 1657 624 1682; x_wconf 80' lang='lat'>1-2.</span> <span class='ocrx_word' id='word_1_147' title='bbox 639 1654 675 1682; x_wconf 83' lang='lat' dir='ltr'>T.</span> <span class='ocrx_word' id='word_1_148' title='bbox 694 1654 855 1690; x_wconf 84' lang='lat' dir='ltr'><strong>peduceus</strong></span> <span class='ocrx_word' id='word_1_149' title='bbox 876 1654 995 1689; x_wconf 84' lang='lat' dir='ltr'><strong>(—eeius</strong></span> <span class='ocrx_word' id='word_1_150' title='bbox 1017 1656 1064 1686; x_wconf 85' lang='lat' dir='ltr'><strong>M)</strong></span> <span class='ocrx_word' id='word_1_151' title='bbox 1084 1655 1112 1682; x_wconf 83' lang='grc' dir='ltr'><em>Ρ</em></span> <span class='ocrx_word' id='word_1_152' title='bbox 1121 1655 1163 1682; x_wconf 83' lang='grc' dir='ltr'><strong>Μ.</strong></span> <span class='ocrx_word' id='word_1_153' title='bbox 1237 1656 1262 1683; x_wconf 69' lang='lat'>2.</span> <span class='ocrx_word' id='word_1_154' title='bbox 1283 1651 1323 1682; x_wconf 88' lang='lat' dir='ltr'><strong>M.</strong></span> <span class='ocrx_word' id='word_1_155' title='bbox 1338 1654 1466 1683; x_wconf 81' lang='lat' dir='ltr'><strong>Laenas</strong></span> <span class='ocrx_word' id='word_1_156' title='bbox 1481 1654 1653 1682; x_wconf 79' lang='lat' dir='ltr'><strong>Curtianus</strong></span> <span class='ocrx_word' id='word_1_157' title='bbox 1668 1654 1808 1688; x_wconf 68' lang='lat' dir='ltr'><strong>Madviy.</strong></span> 
     </span>
     <span class='ocr_line' id='line_1_21' title="bbox 161 1706 1813 1744; baseline 0.001 -10"><span class='ocrx_word' id='word_1_158' title='bbox 161 1706 292 1736; x_wconf 64' lang='lat' dir='ltr'><strong>molent</strong></span> <span class='ocrx_word' id='word_1_159' title='bbox 311 1707 364 1743; x_wconf 85' lang='lat' dir='ltr'><strong>(m.</strong></span> <span class='ocrx_word' id='word_1_160' title='bbox 385 1708 483 1738; x_wconf 71' lang='lat' dir='ltr'><strong>elena</strong></span> <span class='ocrx_word' id='word_1_161' title='bbox 501 1708 541 1744; x_wconf 89' lang='lat' dir='ltr'><strong>P)</strong></span> <span class='ocrx_word' id='word_1_162' title='bbox 560 1708 742 1737; x_wconf 81' lang='lat' dir='ltr'><strong>scortianus</strong></span> <span class='ocrx_word' id='word_1_163' title='bbox 767 1711 797 1737; x_wconf 83' lang='lat' dir='ltr'>C.</span> <span class='ocrx_word' id='word_1_164' title='bbox 888 1711 913 1736; x_wconf 85' lang='lat'>4.</span> <span class='ocrx_word' id='word_1_165' title='bbox 934 1717 951 1737; x_wconf 89' lang='lat' dir='ltr'><strong>e</strong></span> <span class='ocrx_word' id='word_1_166' title='bbox 971 1710 1014 1736; x_wconf 80' lang='lat' dir='ltr'>M.</span> <span class='ocrx_word' id='word_1_167' title='bbox 1105 1711 1130 1736; x_wconf 81' lang='grc'><strong>6.</strong></span> <span class='ocrx_word' id='word_1_168' title='bbox 1151 1711 1259 1743; x_wconf 72' lang='lat' dir='ltr'><strong>pretor</strong></span> <span class='ocrx_word' id='word_1_169' title='bbox 1278 1710 1359 1743; x_wconf 70' lang='lat' dir='ltr'><strong>Smy,</strong></span> <span class='ocrx_word' id='word_1_170' title='bbox 1389 1711 1497 1743; x_wconf 81' lang='lat' dir='ltr'><strong>preter</strong></span> <span class='ocrx_word' id='word_1_171' title='bbox 1517 1710 1547 1742; x_wconf 81' lang='lat' dir='ltr'><strong>S,</strong></span> <span class='ocrx_word' id='word_1_172' title='bbox 1572 1711 1720 1743; x_wconf 79' lang='lat' dir='ltr'><strong>preterea</strong></span> <span class='ocrx_word' id='word_1_173' title='bbox 1739 1709 1813 1735; x_wconf 85' lang='lat' dir='ltr'>SM.</span> 
     </span>
     <span class='ocr_line' id='line_1_22' title="bbox 160 1761 1814 1797; baseline 0.001 -8"><span class='ocrx_word' id='word_1_174' title='bbox 160 1763 185 1789; x_wconf 79' lang='grc'><strong>9.</strong></span> <span class='ocrx_word' id='word_1_175' title='bbox 206 1761 240 1789; x_wconf 92' lang='grc' dir='ltr'><strong>Ρ.</strong></span> <span class='ocrx_word' id='word_1_176' title='bbox 259 1761 575 1797; x_wconf 68' lang='lat' dir='ltr'><strong>Kiossln&#39;nq-Schoell,</strong></span> <span class='ocrx_word' id='word_1_177' title='bbox 598 1762 630 1790; x_wconf 90' lang='lat' dir='ltr'>C.</span> <span class='ocrx_word' id='word_1_178' title='bbox 655 1764 686 1791; x_wconf 80' lang='lat' dir='ltr'>C.</span> <span class='ocrx_word' id='word_1_179' title='bbox 760 1765 801 1790; x_wconf 90' lang='grc'><strong>10.</strong></span> <span class='ocrx_word' id='word_1_180' title='bbox 821 1770 882 1797; x_wconf 87' lang='lat' dir='ltr'><strong>que</strong></span> <span class='ocrx_word' id='word_1_181' title='bbox 897 1762 1025 1797; x_wconf 83' lang='lat' dir='ltr'><strong>pacubii</strong></span> <span class='ocrx_word' id='word_1_182' title='bbox 1049 1764 1123 1790; x_wconf 61' lang='grc' dir='ltr'><strong>ΒΜ.</strong></span> <span class='ocrx_word' id='word_1_183' title='bbox 1198 1766 1239 1790; x_wconf 77' lang='grc'><strong>12.</strong></span> <span class='ocrx_word' id='word_1_184' title='bbox 1261 1765 1348 1790; x_wconf 79' lang='lat' dir='ltr'><strong>etate</strong></span> <span class='ocrx_word' id='word_1_185' title='bbox 1363 1764 1394 1796; x_wconf 82' lang='lat' dir='ltr'><strong>S,</strong></span> <span class='ocrx_word' id='word_1_186' title='bbox 1419 1770 1439 1790; x_wconf 85' lang='lat' dir='ltr'><strong>a</strong></span> <span class='ocrx_word' id='word_1_187' title='bbox 1452 1762 1535 1790; x_wconf 82' lang='lat' dir='ltr'><strong>frate</strong></span> <span class='ocrx_word' id='word_1_188' title='bbox 1552 1764 1593 1790; x_wconf 73' lang='grc' dir='ltr'><strong>Μ.</strong></span> <span class='ocrx_word' id='word_1_189' title='bbox 1669 1765 1710 1789; x_wconf 84' lang='grc'><strong>13.</strong></span> <span class='ocrx_word' id='word_1_190' title='bbox 1731 1770 1814 1790; x_wconf 76' lang='lat' dir='ltr'><strong>eam-</strong></span> 
     </span>
     <span class='ocr_line' id='line_1_23' title="bbox 158 1815 1815 1851; baseline 0 -8"><span class='ocrx_word' id='word_1_191' title='bbox 158 1815 260 1850; x_wconf 74' lang='lat' dir='ltr'><strong>pestri</strong></span> <span class='ocrx_word' id='word_1_192' title='bbox 280 1816 453 1850; x_wconf 79' lang='lat' dir='ltr'><strong>Beraldus,</strong></span> <span class='ocrx_word' id='word_1_193' title='bbox 477 1818 657 1851; x_wconf 76' lang='lat' dir='ltr'><strong>campestre</strong></span> <span class='ocrx_word' id='word_1_194' title='bbox 681 1817 712 1845; x_wconf 86' lang='lat' dir='ltr'>C.</span> <span class='ocrx_word' id='word_1_195' title='bbox 788 1819 829 1845; x_wconf 79' lang='grc'><strong>14.</strong></span> <span class='ocrx_word' id='word_1_196' title='bbox 849 1816 1068 1845; x_wconf 82' lang='lat' dir='ltr'><strong>descendebat</strong></span> <span class='ocrx_word' id='word_1_197' title='bbox 1091 1817 1199 1849; x_wconf 81' lang='lat' dir='ltr'><strong>Orelli,</strong></span> <span class='ocrx_word' id='word_1_198' title='bbox 1224 1816 1439 1845; x_wconf 78' lang='lat' dir='ltr'><strong>descenderat</strong></span> <span class='ocrx_word' id='word_1_199' title='bbox 1467 1817 1497 1845; x_wconf 85' lang='lat' dir='ltr'>C.</span> <span class='ocrx_word' id='word_1_200' title='bbox 1562 1816 1737 1851; x_wconf 79' lang='lat' dir='ltr'><strong>repetierat</strong></span> <span class='ocrx_word' id='word_1_201' title='bbox 1757 1817 1815 1843; x_wconf 83' lang='lat' dir='ltr'><strong>I’a-</strong></span> 
     </span>
     <span class='ocr_line' id='line_1_24' title="bbox 159 1869 1815 1908; baseline 0.001 -11"><span class='ocrx_word' id='word_1_202' title='bbox 159 1869 285 1908; x_wconf 55' lang='lat' dir='ltr'><strong>‘rio-ius,</strong></span> <span class='ocrx_word' id='word_1_203' title='bbox 307 1872 495 1906; x_wconf 75' lang='lat' dir='ltr'><strong>reppererat</strong></span> <span class='ocrx_word' id='word_1_204' title='bbox 518 1871 550 1899; x_wconf 89' lang='lat' dir='ltr'>C.</span> <span class='ocrx_word' id='word_1_205' title='bbox 604 1878 645 1898; x_wconf 81' lang='lat' dir='ltr'><strong>ex</strong></span> <span class='ocrx_word' id='word_1_206' title='bbox 664 1872 774 1899; x_wconf 78' lang='lat' dir='ltr'><strong>vetere</strong></span> <span class='ocrx_word' id='word_1_207' title='bbox 789 1871 970 1905; x_wconf 78' lang='lat' dir='ltr'><strong>Manutius,</strong></span> <span class='ocrx_word' id='word_1_208' title='bbox 994 1874 1027 1899; x_wconf 86' lang='lat' dir='ltr'><strong>et</strong></span> <span class='ocrx_word' id='word_1_209' title='bbox 1041 1873 1151 1898; x_wconf 85' lang='lat' dir='ltr'><strong>vetere</strong></span> <span class='ocrx_word' id='word_1_210' title='bbox 1171 1872 1202 1899; x_wconf 80' lang='lat' dir='ltr'>C.</span> <span class='ocrx_word' id='word_1_211' title='bbox 1275 1873 1317 1898; x_wconf 85' lang='lat'>15.</span> <span class='ocrx_word' id='word_1_212' title='bbox 1338 1878 1377 1899; x_wconf 79' lang='lat' dir='ltr'><strong>ac</strong></span> <span class='ocrx_word' id='word_1_213' title='bbox 1391 1871 1479 1898; x_wconf 82' lang='lat' dir='ltr'><strong>Tatii</strong></span> <span class='ocrx_word' id='word_1_214' title='bbox 1499 1871 1693 1901; x_wconf 63' lang='lat' dir='ltr'><strong>Gronovius.</strong></span> <span class='ocrx_word' id='word_1_215' title='bbox 1718 1870 1815 1898; x_wconf 73' lang='lat' dir='ltr'><strong>etatis</strong></span> 
     </span>
     <span class='ocr_line' id='line_1_25' title="bbox 158 1923 1455 1960; baseline 0.001 -8"><span class='ocrx_word' id='word_1_216' title='bbox 158 1924 183 1952; x_wconf 90' lang='lat' dir='ltr'><em>S</em></span> <span class='ocrx_word' id='word_1_217' title='bbox 191 1924 231 1952; x_wconf 80' lang='lat' dir='ltr'><em>M</em></span> <span class='ocrx_word' id='word_1_218' title='bbox 235 1924 284 1958; x_wconf 66' lang='grc' dir='ltr'><strong>ΡΙ,</strong></span> <span class='ocrx_word' id='word_1_219' title='bbox 306 1923 387 1952; x_wconf 79' lang='lat' dir='ltr'><strong>etati</strong></span> <span class='ocrx_word' id='word_1_220' title='bbox 409 1925 458 1958; x_wconf 57' lang='grc' dir='ltr'><strong>ΡΞ,</strong></span> <span class='ocrx_word' id='word_1_221' title='bbox 517 1926 645 1953; x_wconf 79' lang='lat' dir='ltr'><strong>statuae</strong></span> <span class='ocrx_word' id='word_1_222' title='bbox 662 1933 695 1960; x_wconf 81' lang='lat' dir='ltr'><strong>p,</strong></span> <span class='ocrx_word' id='word_1_223' title='bbox 719 1932 842 1960; x_wconf 78' lang='lat' dir='ltr'><strong>capyae</strong></span> <span class='ocrx_word' id='word_1_224' title='bbox 864 1926 893 1958; x_wconf 86' lang='lat' dir='ltr'>S.</span> <span class='ocrx_word' id='word_1_225' title='bbox 917 1933 1019 1959; x_wconf 83' lang='lat' dir='ltr'><strong>capue</strong></span> <span class='ocrx_word' id='word_1_226' title='bbox 1040 1926 1083 1958; x_wconf 68' lang='grc' dir='ltr'><strong>Μ,</strong></span> <span class='ocrx_word' id='word_1_227' title='bbox 1107 1927 1213 1953; x_wconf 83' lang='lat' dir='ltr'><strong>statue</strong></span> <span class='ocrx_word' id='word_1_228' title='bbox 1235 1933 1335 1959; x_wconf 82' lang='lat' dir='ltr'><strong>capue</strong></span> <span class='ocrx_word' id='word_1_229' title='bbox 1357 1925 1455 1960; x_wconf 63' lang='lat' dir='ltr'>Pmyss.</span> 
     </span>
    </p>
   </div>
   <div class='ocr_carea' id='block_1_8' title="bbox 161 2049 1811 2216">
    <p class='ocr_par' dir='ltr' id='par_1_11' title="bbox 161 2049 1811 2216">
     <span class='ocr_line' id='line_1_26' title="bbox 208 2049 1811 2095; baseline 0.002 -11"><span class='ocrx_word' id='word_1_230' title='bbox 208 2049 228 2084; x_wconf 94' lang='lat'>1</span> <span class='ocrx_word' id='word_1_231' title='bbox 256 2059 282 2085; x_wconf 83' lang='lat' dir='ltr'><strong>a</strong></span> <span class='ocrx_word' id='word_1_232' title='bbox 299 2049 506 2086; x_wconf 83' lang='lat' dir='ltr'><strong>Memmio:</strong></span> <span class='ocrx_word' id='word_1_233' title='bbox 532 2049 573 2086; x_wconf 89' lang='lat' dir='ltr'>C.</span> <span class='ocrx_word' id='word_1_234' title='bbox 593 2050 814 2095; x_wconf 88' lang='lat' dir='ltr'><strong>Memmius,</strong></span> <span class='ocrx_word' id='word_1_235' title='bbox 834 2053 877 2085; x_wconf 88' lang='lat' dir='ltr'><strong>tr.</strong></span> <span class='ocrx_word' id='word_1_236' title='bbox 899 2050 949 2095; x_wconf 89' lang='lat' dir='ltr'><strong>pl.</strong></span> <span class='ocrx_word' id='word_1_237' title='bbox 1074 2052 1096 2086; x_wconf 83' lang='lat'><strong>3</strong></span> <span class='ocrx_word' id='word_1_238' title='bbox 1122 2049 1349 2086; x_wconf 82' lang='lat' dir='ltr'><strong>Sententias</strong></span> <span class='ocrx_word' id='word_1_239' title='bbox 1377 2051 1551 2086; x_wconf 90' lang='lat' dir='ltr'><strong>tulerunt</strong></span> <span class='ocrx_word' id='word_1_240' title='bbox 1582 2055 1676 2087; x_wconf 71' lang='lat' dir='ltr'><strong>ete:</strong></span> <span class='ocrx_word' id='word_1_241' title='bbox 1709 2052 1811 2087; x_wconf 82' lang='lat' dir='ltr'><strong>Cic.</strong></span> 
     </span>
     <span class='ocr_line' id='line_1_27' title="bbox 161 2108 1405 2155; baseline 0.002 -11"><span class='ocrx_word' id='word_1_242' title='bbox 161 2115 196 2144; x_wconf 76' lang='lat' dir='ltr'><strong>a.</strong></span> <span class='ocrx_word' id='word_1_243' title='bbox 222 2108 280 2154; x_wconf 80' lang='lat'><strong>66,</strong></span> <span class='ocrx_word' id='word_1_244' title='bbox 305 2111 430 2155; x_wconf 84' lang='lat' dir='ltr'><strong>praet.</strong></span> <span class='ocrx_word' id='word_1_245' title='bbox 457 2119 491 2144; x_wconf 86' lang='lat' dir='ltr'><strong>a.</strong></span> <span class='ocrx_word' id='word_1_246' title='bbox 518 2109 575 2155; x_wconf 74' lang='lat'><strong>58,</strong></span> <span class='ocrx_word' id='word_1_247' title='bbox 603 2109 813 2145; x_wconf 87' lang='lat' dir='ltr'><strong>damnatus</strong></span> <span class='ocrx_word' id='word_1_248' title='bbox 831 2120 864 2144; x_wconf 84' lang='lat' dir='ltr'><strong>a.</strong></span> <span class='ocrx_word' id='word_1_249' title='bbox 886 2110 952 2145; x_wconf 80' lang='lat'><strong>52:</strong></span> <span class='ocrx_word' id='word_1_250' title='bbox 1025 2111 1078 2146; x_wconf 64' lang='lat' dir='ltr'><strong>acl</strong></span> <span class='ocrx_word' id='word_1_251' title='bbox 1103 2110 1182 2146; x_wconf 68' lang='grc' dir='ltr'><strong>ΑΗ.</strong></span> <span class='ocrx_word' id='word_1_252' title='bbox 1208 2111 1262 2146; x_wconf 88' lang='lat' dir='ltr'><strong>IV</strong></span> <span class='ocrx_word' id='word_1_253' title='bbox 1288 2112 1345 2155; x_wconf 83' lang='lat'><strong>17,</strong></span> <span class='ocrx_word' id='word_1_254' title='bbox 1369 2111 1405 2155; x_wconf 74' lang='lat'>4.</span> 
     </span>
     <span class='ocr_line' id='line_1_28' title="bbox 162 2167 1811 2216; baseline 0.002 -13"><span class='ocrx_word' id='word_1_255' title='bbox 162 2167 230 2203; x_wconf 80' lang='lat' dir='ltr'><strong>cfr.</strong></span> <span class='ocrx_word' id='word_1_256' title='bbox 256 2167 379 2214; x_wconf 90' lang='lat' dir='ltr'>App.</span> <span class='ocrx_word' id='word_1_257' title='bbox 404 2168 438 2204; x_wconf 84' lang='lat' dir='ltr'>b.</span> <span class='ocrx_word' id='word_1_258' title='bbox 464 2179 493 2204; x_wconf 84' lang='lat' dir='ltr'><strong>c.</strong></span> <span class='ocrx_word' id='word_1_259' title='bbox 512 2169 551 2204; x_wconf 93' lang='lat'><strong>11</strong></span> <span class='ocrx_word' id='word_1_260' title='bbox 568 2169 632 2214; x_wconf 78' lang='lat'><strong>243</strong></span> <span class='ocrx_word' id='word_1_261' title='bbox 650 2168 755 2205; x_wconf 86' lang='lat' dir='ltr'><strong>Cic.</strong></span> <span class='ocrx_word' id='word_1_262' title='bbox 782 2169 835 2205; x_wconf 83' lang='lat' dir='ltr'><strong>ad</strong></span> <span class='ocrx_word' id='word_1_263' title='bbox 851 2169 951 2214; x_wconf 78' lang='lat' dir='ltr'><strong>fam.</strong></span> <span class='ocrx_word' id='word_1_264' title='bbox 1075 2170 1120 2205; x_wconf 74' lang='lat'><strong>12</strong></span> <span class='ocrx_word' id='word_1_265' title='bbox 1146 2169 1242 2206; x_wconf 82' lang='lat' dir='ltr'><strong>Cato</strong></span> <span class='ocrx_word' id='word_1_266' title='bbox 1269 2174 1427 2216; x_wconf 81' lang='lat' dir='ltr'><strong>praetor</strong></span> <span class='ocrx_word' id='word_1_267' title='bbox 1448 2175 1541 2207; x_wconf 87' lang='lat' dir='ltr'><strong>etc.:</strong></span> <span class='ocrx_word' id='word_1_268' title='bbox 1567 2171 1662 2207; x_wconf 77' lang='lat' dir='ltr'><strong>Val.</strong></span> <span class='ocrx_word' id='word_1_269' title='bbox 1691 2172 1811 2207; x_wconf 84' lang='lat' dir='ltr'><strong>Max.</strong></span> 
     </span>
    </p>
   </div>
   <div class='ocr_carea' id='block_1_9' title="bbox 162 2225 1812 2386">
    <p class='ocr_par' dir='ltr' id='par_1_12' title="bbox 162 2225 1812 2386">
     <span class='ocr_line' id='line_1_29' title="bbox 162 2225 1688 2276; baseline 0.003 -13"><span class='ocrx_word' id='word_1_270' title='bbox 162 2225 260 2264; x_wconf 90' lang='lat' dir='ltr'>XIII</span> <span class='ocrx_word' id='word_1_271' title='bbox 285 2229 326 2274; x_wconf 84' lang='lat'><strong>13</strong></span> <span class='ocrx_word' id='word_1_272' title='bbox 351 2228 405 2264; x_wconf 87' lang='lat' dir='ltr'><strong>ad</strong></span> <span class='ocrx_word' id='word_1_273' title='bbox 427 2228 509 2264; x_wconf 66' lang='grc' dir='ltr'><strong>ΑΗ.</strong></span> <span class='ocrx_word' id='word_1_274' title='bbox 534 2229 568 2264; x_wconf 88' lang='lat' dir='ltr'>V</span> <span class='ocrx_word' id='word_1_275' title='bbox 596 2229 652 2275; x_wconf 91' lang='lat'><strong>11,</strong></span> <span class='ocrx_word' id='word_1_276' title='bbox 680 2229 713 2265; x_wconf 88' lang='grc'><strong>6.</strong></span> <span class='ocrx_word' id='word_1_277' title='bbox 1027 2229 1085 2265; x_wconf 93' lang='grc' dir='ltr'><strong>ΙΙΙ</strong></span> <span class='ocrx_word' id='word_1_278' title='bbox 1110 2231 1144 2276; x_wconf 88' lang='lat'><strong>6,</strong></span> <span class='ocrx_word' id='word_1_279' title='bbox 1170 2232 1212 2276; x_wconf 72' lang='grc' dir='ltr'><strong>’ῖς</strong></span> <span class='ocrx_word' id='word_1_280' title='bbox 1238 2231 1370 2266; x_wconf 90' lang='lat' dir='ltr'><strong>Plut.</strong></span> <span class='ocrx_word' id='word_1_281' title='bbox 1401 2231 1482 2267; x_wconf 74' lang='lat' dir='ltr'><strong>Cat.</strong></span> <span class='ocrx_word' id='word_1_282' title='bbox 1509 2234 1605 2267; x_wconf 83' lang='lat' dir='ltr'><strong>min.</strong></span> <span class='ocrx_word' id='word_1_283' title='bbox 1631 2232 1688 2267; x_wconf 81' lang='lat'>44.</span> 
     </span>
     <span class='ocr_line' id='line_1_30' title="bbox 208 2287 1812 2335; baseline 0.002 -12"><span class='ocrx_word' id='word_1_284' title='bbox 208 2287 232 2323; x_wconf 83' lang='lat'><strong>2</strong></span> <span class='ocrx_word' id='word_1_285' title='bbox 257 2287 297 2324; x_wconf 87' lang='lat' dir='ltr'>C.</span> <span class='ocrx_word' id='word_1_286' title='bbox 323 2287 433 2324; x_wconf 87' lang='lat' dir='ltr'><strong>Cato.</strong></span> <span class='ocrx_word' id='word_1_287' title='bbox 459 2287 501 2325; x_wconf 90' lang='lat' dir='ltr'>C.</span> <span class='ocrx_word' id='word_1_288' title='bbox 523 2288 687 2324; x_wconf 86' lang='lat' dir='ltr'><strong>Porcius</strong></span> <span class='ocrx_word' id='word_1_289' title='bbox 708 2288 816 2334; x_wconf 84' lang='lat' dir='ltr'><strong>Cato,</strong></span> <span class='ocrx_word' id='word_1_290' title='bbox 836 2292 880 2324; x_wconf 91' lang='lat' dir='ltr'><strong>tr.</strong></span> <span class='ocrx_word' id='word_1_291' title='bbox 901 2289 951 2335; x_wconf 90' lang='lat' dir='ltr'><strong>pl.</strong></span> <span class='ocrx_word' id='word_1_292' title='bbox 1076 2290 1121 2325; x_wconf 80' lang='lat'><strong>15</strong></span> <span class='ocrx_word' id='word_1_293' title='bbox 1135 2293 1174 2325; x_wconf 87' lang='lat' dir='ltr'><strong>et</strong></span> <span class='ocrx_word' id='word_1_294' title='bbox 1192 2290 1348 2326; x_wconf 87' lang='lat' dir='ltr'><strong>Romuli</strong></span> <span class='ocrx_word' id='word_1_295' title='bbox 1363 2301 1410 2326; x_wconf 85' lang='lat' dir='ltr'><strong>ac</strong></span> <span class='ocrx_word' id='word_1_296' title='bbox 1423 2291 1529 2326; x_wconf 86' lang='lat' dir='ltr'><strong>Tatii</strong></span> <span class='ocrx_word' id='word_1_297' title='bbox 1547 2295 1702 2330; x_wconf 69' lang='lat' dir='ltr'><strong>statuae</strong></span> <span class='ocrx_word' id='word_1_298' title='bbox 1719 2296 1812 2327; x_wconf 63' lang='lat' dir='ltr'><strong>ete:</strong></span> 
     </span>
     <span class='ocr_line' id='line_1_31' title="bbox 164 2347 1524 2386; baseline 0.003 -4"><span class='ocrx_word' id='word_1_299' title='bbox 164 2357 199 2382; x_wconf 78' lang='lat' dir='ltr'><strong>a.</strong></span> <span class='ocrx_word' id='word_1_300' title='bbox 225 2347 282 2383; x_wconf 81' lang='lat'>56.</span> <span class='ocrx_word' id='word_1_301' title='bbox 1028 2349 1157 2384; x_wconf 87' lang='lat' dir='ltr'><strong>Plin.</strong></span> <span class='ocrx_word' id='word_1_302' title='bbox 1184 2360 1222 2385; x_wconf 74' lang='lat' dir='ltr'><strong>vn.</strong></span> <span class='ocrx_word' id='word_1_303' title='bbox 1245 2351 1279 2385; x_wconf 79' lang='lat' dir='ltr'>h.</span> <span class='ocrx_word' id='word_1_304' title='bbox 1303 2350 1471 2386; x_wconf 78' lang='lat' dir='ltr'>XXXIV</span> <span class='ocrx_word' id='word_1_305' title='bbox 1492 2352 1524 2386; x_wconf 82' lang='lat'>6.</span> 
     </span>
    </p>
   </div>
   <div class='ocr_carea' id='block_1_10' title="bbox 314 3102 1669 3149">
    <p class='ocr_par' dir='ltr' id='par_1_13' title="bbox 314 3102 1669 3149">
     <span class='ocr_line' id='line_1_32' title="bbox 314 3102 1669 3149; baseline 0.004 -17"><span class='ocrx_word' id='word_1_306' title='bbox 314 3106 345 3137; x_wconf 84' lang='lat' dir='ltr'>Q.</span> <span class='ocrx_word' id='word_1_307' title='bbox 365 3105 495 3149; x_wconf 80' lang='lat' dir='ltr'><strong>Asconii</strong></span> <span class='ocrx_word' id='word_1_308' title='bbox 513 3105 651 3133; x_wconf 81' lang='lat' dir='ltr'><strong>Pediam&#39;</strong></span> <span class='ocrx_word' id='word_1_309' title='bbox 675 3107 786 3134; x_wconf 85' lang='lat' dir='ltr'><strong>Comm.</strong></span> <span class='ocrx_word' id='word_1_310' title='bbox 1647 3102 1669 3137; x_wconf 78' lang='lat'>5</span> 
     </span>
    </p>
   </div>
  </div>
 </body>
</html>
