2300 3528
802 236 857 273 IN
885 235 1222 272 MILONIANAM
1789 233 1835 269 49

193 345 290 378 non
321 334 423 378 fere
464 332 694 378 adicitur:
736 345 831 375 non
873 333 1001 376 enim
1044 333 1088 375 ei
1133 332 1215 388 qui
1248 333 1338 376 hoc
1363 326 1584 387 ‘postulat
1621 330 1834 373 oratione

193 411 339 467 longa
379 410 610 454 utendum
659 422 716 453 ac
747 422 807 453 ne
855 410 1239 465 consurgendum
1286 410 1481 465 quidem
1529 409 1693 464 utique
1740 410 1833 461 est3

165 489 333 533 ’‘muiti
354 489 484 532 enim
515 488 735 531 sedentes
756 488 846 531 hoc
869 500 1017 530 unum
1043 488 1247 531 verbum
1274 488 1585 542 pronuntiant
1614 486 1834 529 divide:
1871 490 1918 526 39
1934 491 2001 528 KS

191 566 319 623 quod
350 578 461 610 cum
493 565 711 608 auditum
745 568 828 620 est,
861 566 1068 608 liberum
1107 565 1151 608 ei
1191 565 1272 620 qui
1305 565 1420 607 facit
1452 565 1734 607 relationem
1766 563 1833 606 di-

190 639 373 688 videre.
430 643 513 686 sed
536 655 638 698 ego,
666 645 719 684 ut
743 643 976 685 curiosius
1002 643 1147 685 aetati
1174 645 1362 685 vestrae
1386 642 1692 695 satisfaciam,
1715 641 1835 684 Acta

114 752 119 757 -
190 721 338 765 etiam
369 721 514 764 totius
543 720 675 763 illius
706 721 934 775 temporis
975 723 1255 775 persecutus
1292 732 1421 773 sum;
1464 720 1514 762 in
1555 719 1728 774 quibus
1758 731 1833 761 co·
1871 723 1963 760 398

105 1036 154 1073 10

105 1425 152 1462 15

190 798 338 855 gnovi
368 798 524 854 pridie
557 796 663 840 Kal.
690 797 826 840 Mart.
849 797 893 840 S.
921 796 970 840 O.
999 809 1100 840 esse
1133 797 1335 840 factum:
1368 797 1416 839 P.
1451 796 1603 840 Clodii
1635 796 1833 839 caedem

191 878 241 920 et
269 875 548 919 incendium
590 875 754 918 curiae
797 877 846 917 et
890 875 1292 930 oppugnationem
1334 875 1526 917 aedium
1573 874 1631 916 M.
1664 873 1832 928 Lepidi

189 955 359 997 eontra
404 964 507 996 rem
534 965 579 1008 p.
606 952 808 1006 factam;
843 952 969 995 ultra
995 953 1201 995 relatum
1234 953 1284 995 in
1309 952 1441 995 Actis
1466 952 1548 994 illo
1581 952 1658 994 die
1691 951 1832 1004 nihi1;

179 1029 379 1087 <postero
409 1029 503 1085 die,
536 1029 586 1072 id
618 1032 690 1072 est
710 1029 816 1072 Kal.
843 1029 979 1072 Mart.
1011 1030 1059 1072 T.
1083 1030 1349 1072 Munatium
1372 1030 1422 1072 in
1448 1029 1668 1073 contione
1690 1041 1832 1084 expo-

188 1108 338 1152 suisse
369 1108 543 1164 populo
575 1119 698 1162 quae
730 1107 886 1162 pridie
913 1111 1020 1150 acta
1046 1111 1184 1150 erant
1205 1108 1254 1150 in
1287 1110 1482 1150 senatu:
1516 1108 1565 1150 in
1597 1120 1693 1162 qua
1724 1119 1832 1149 con-

188 1186 318 1230 tione
349 1186 471 1230 haec
506 1185 630 1228 dixit
660 1184 722 1228 ad
761 1186 977 1228 verbum.
1063 1185 1188 1240 quod
1236 1185 1296 1238 Q.
1330 1186 1709 1228 Hortensius
1749 1185 1832 1228 di·
1871 1192 1965 1229 4513

188 1264 368 1308 xisset
407 1266 471 1306 ut
500 1266 665 1307 extra
709 1263 965 1306 ordinem
1003 1267 1379 1318 quaereretur
1423 1264 1568 1319 apud
1602 1263 1831 1319 quaesi-

168 1345 384 1385 torem:
417 1341 757 1384 aestimare
790 1341 1060 1383 futurum
1101 1344 1176 1395 ut,
1210 1353 1330 1384 cum
1363 1341 1655 1396 pusillum
1689 1341 1831 1383 edis-

186 1422 310 1472 sent
341 1419 709 1474 dulcedinis,
753 1419 1025 1474 largiter
1061 1420 1421 1462 acerbitatis
1465 1420 1830 1463 devorarent:

188 1497 467 1541 adversus
496 1495 784 1540 hominem
818 1489 1197 1552 ingeniosum
1231 1500 1433 1540 nostro
1466 1497 1714 1552 ingenio
1750 1497 1830 1539 usi
1875 1482 1879 1485 ’

187 1587 415 1629 sumus;
455 1575 793 1618 invenimus
834 1574 1071 1617 Fufium
1119 1575 1219 1630 qui
1263 1575 1498 1618 diceret
1544 1574 1830 1627 ‘divide'3

187 1653 468 1709 reliquae
499 1653 655 1709 parti
687 1653 1032 1696 sententiae
1072 1665 1179 1708 ego
1211 1656 1268 1695 et
1298 1652 1614 1695 Sallustius
1646 1653 1829 1695 inter·
1867 1656 1967 1694 450

186 1727 510 1775 cessimus.
574 1731 695 1774 haec
726 1727 898 1785 contio,
933 1733 984 1773 ut
1015 1733 1142 1786 puto,
1176 1731 1387 1786 explicat
1419 1739 1466 1773 et
1491 1731 1606 1785 quid
1639 1733 1831 1773 senatus

170 1809 449 1852 decernere
491 1809 714 1863 voluerit,
747 1811 795 1851 et
815 1809 922 1863 quis
958 1809 1242 1851 divisionem
1285 1809 1612 1864 postulaverit,
1646 1812 1694 1850 et
1725 1808 1831 1863 quis

185 1886 524 1940 intercesserit,
558 1888 606 1928 et
636 1898 736 1928 cur.
799 1886 919 1928 illud
962 1898 1047 1929 vos
1091 1886 1364 1928 meminisse
1397 1899 1492 1928 non
1531 1886 1710 1940 dubito,
1744 1897 1831 1940 per

185 1962 240 2018 Q.
273 1963 463 2007 Fufium
499 1964 583 2006 illo
615 1976 805 2019 quoque
846 1960 1074 2019 tempore,
1123 1977 1216 2019 quo
1259 1965 1318 2006 de
1366 1964 1546 2007 incesto
1592 1964 1640 2006 P.
1675 1963 1827 2006 Clodii

171 2044 346 2086 ·actum
372 2043 456 2096 est,
486 2042 664 2084 factum
688 2053 748 2084 ne
775 2054 804 2084 a
828 2043 996 2084 senatu
1023 2042 1238 2097 asperius
1269 2042 1624 2084 decerneretur.

274 2162 299 2188 1.
317 2158 387 2188 fere
415 2158 556 2188 adicitur
589 2159 693 2192 Clark,
725 2158 810 2186 ferat
829 2158 958 2186 adiutor
982 2160 1012 2187 C.
1074 2166 1136 2186 non
1158 2158 1244 2186 enim
1265 2159 1294 2186 ei
1315 2159 1369 2193 qui
1389 2160 1512 2193 Baiter,
1544 2167 1607 2187 non
1627 2167 1698 2187 eme
1719 2158 1773 2193 qui
1795 2159 1824 2192 S,

184 2219 248 2241 non
261 2212 343 2242 eme·
360 2212 415 2248 qui
429 2213 465 2246 P,
489 2211 572 2240 nt'me
587 2219 638 2240 me
653 2212 707 2246 qui
721 2213 765 2240 M.
838 2215 862 2240 2.
883 2212 1141 2249 consurgendum
1157 2213 1338 2246 Manutius,
1361 2212 1592 2241 consulendum
1612 2214 1642 2240 C.
1714 2215 1740 2240 3.
1760 2219 1829 2247 pro-

184 2265 314 2295 nuntiat
332 2267 362 2294 S.
417 2265 527 2294 divide
548 2265 730 2299 Manutius,
753 2265 892 2300 denique
916 2266 947 2294 C.
1018 2268 1044 2293 4.
1065 2265 1257 2294 relationem
1277 2267 1405 2300 Becker,
1428 2266 1586 2295 rationem
1608 2267 1683 2299 SM,
1711 2265 1828 2294 orntlo-

184 2327 259 2349 nem
277 2321 312 2348 P.
385 2321 411 2348 5.
429 2322 466 2348 ut
483 2320 564 2354 PM,
588 2321 621 2347 et
640 2320 670 2347 S.
754 2322 780 2347 6.
800 2322 989 2354 prosecutus
1008 2321 1043 2347 P.
1125 2322 1150 2347 7.
1171 2319 1200 2347 S.
1220 2319 1252 2347 C.
1271 2320 1453 2354 Manutius,
1477 2320 1525 2348 sie
1549 2321 1579 2349 C.
1653 2323 1678 2347 9.
1698 2320 1731 2347 in
1751 2321 1827 2355 Poq-

182 2373 256 2410 qius
269 2375 314 2408 M,
336 2381 395 2402 om.
408 2374 486 2402 81³¹.
561 2376 603 2401 10.
623 2373 658 2401 Τ.
678 2373 992 2408 Kiessliny-Schoell,
1016 2381 1073 2401 om.
1093 2374 1122 2402 C.
1190 2377 1232 2402 12.
1252 2373 1336 2408 quod
1357 2374 1394 2407 Q.
1413 2374 1536 2408 Baiter,
1560 2373 1578 2410 ξ
1598 2375 1628 2407 S,
1652 2382 1712 2408 que
1733 2375 1823 2407 PlM,

184 2427 222 2460 Q..
241 2427 389 2463 Peneius.
450 2427 644 2456 Hortensius
664 2426 800 2455 dixisset
820 2427 943 2460 Baiter,
975 2427 1184 2455 Hortensium
1205 2427 1326 2455 dixisse
1351 2429 1381 2456 C.
1491 2430 1533 2456 13.
1552 2431 1587 2456 ut
1607 2436 1664 2456 om.
1682 2429 1731 2461 P¹,
1754 2428 1826 2456 add.

182 2482 268 2516 Pmy.
323 2483 420 2509 18-14.
438 2481 655 2516 quaesitorem
678 2481 859 2514 Manutius,
883 2481 1110 2516 qu(a)estorem
1135 2482 1165 2509 C.
1222 2483 1263 2509 14.
1283 2481 1456 2510 aestimare
1471 2483 1566 2515 lunt„
1590 2481 1741 2510 estimare
1756 2483 1822 2514 SP,

183 2534 342 2563 extimare
355 2535 400 2562 Μ.
454 2537 490 2563 ut
502 2542 573 2563 eum
588 2535 674 2569 Pmy,
692 2536 797 2562 utrum
817 2535 847 2563 C.
922 2536 1018 2562 14-15.
1031 2534 1175 2563 edissent
1191 2536 1373 2567 Mommsen,
1391 2535 1533 2564 dedisset
1547 2537 1627 2569 PM,
1645 2535 1781 2564 dixisset
1795 2537 1825 2564 S.

184 2590 226 2617 15.
244 2587 384 2623 largitur
403 2588 482 2616 PM.
547 2588 741 2616 devorarent
761 2588 891 2622 Rinkes,
915 2588 1086 2616 devoraret
1110 2590 1140 2617 C.
1232 2591 1274 2616 16.
1294 2589 1507 2624 ingenuosum
1528 2591 1556 2617 S.
1613 2592 1722 2617 nostro
1743 2591 1826 2617 Bue-

182 2642 295 2675 cheler,
317 2647 382 2669 non
400 2641 431 2669 0.
504 2643 547 2670 17.
560 2641 686 2669 Fufium
701 2641 883 2683 Manutius,
906 2640 1023 2669 fusium
1043 2642 1073 2670 0.
1129 2641 1237 2670 divide
1254 2642 1375 2675 Baiter,
1399 2642 1560 2670 divideret
1578 2643 1608 2671 C.
1682 2645 1724 2670 18.
1738 2642 1822 2677 parti

182 2713 364 2747 Manutius,
386 2711 488 2748 pau-tls
506 2713 543 2747 P,
566 2713 673 2748 paries
690 2714 720 2747 S,
743 2685 850 2754 parrtles
871 2714 913 2740 M.
966 2713 1148 2742 sententiae
1164 2714 1286 2747 Baiter,
1309 2713 1504 2743 sententiam
1530 2714 1560 2742 C.
1634 2717 1676 2742 22.
1696 2714 1821 2742 Fufium

182 2765 362 2800 Manutius,
384 2765 503 2795 fusium
526 2766 558 2795 G.

229 2867 275 2903 17
300 2865 478 2903 Fufium:
499 2866 602 2903 Cic.
624 2868 726 2903 Phil.
746 2867 839 2903 VIII
853 2867 966 2913 5‚16;
1039 2867 1139 2904 Cic.
1172 2868 1225 2904 ad
1249 2867 1328 2903 Att.
1366 2868 1385 2903 I
1412 2868 1468 2913 14,
1495 2869 1536 2913 13
1576 2869 1632 2913 16,
1667 2869 1706 2914 23
1744 2869 1823 2904 sch.

179 2926 233 2962 ad
257 2926 336 2962 Att.
362 2926 381 2962 I
408 2926 473 2972 143
499 2927 555 2973 16,
582 2928 664 2963 1-2.
1041 2928 1130 2964 Bob.
1157 2938 1240 2974 ary.
1266 2930 1310 2963 in
1338 2927 1442 2964 Clod.
1468 2930 1503 2963 et
1532 2927 1624 2963 Cur.

227 2985 275 3021 22
300 2985 366 3021 illo
407 2996 567 3032 quoque
608 2989 808 3033 tempore:
835 2997 869 3023 a.
895 2987 965 3024 61:

327 3106 359 3139 Q.
378 3106 509 3134 Asconii
526 3106 663 3134 Pediani
688 3107 799 3135 Comm.
1659 3097 1679 3133 7
