2300 3528
394 657 438 693 56
453 657 489 692 B

400 705 445 740 47
461 705 492 740 S

363 752 408 787 50
422 752 491 787 RS

393 801 437 835 57
460 800 492 835 O

391 1787 484 1823 5713

527 263 572 298 62
1219 262 1467 300 ASCONIVS
1495 274 1498 275 ’
1537 282 1551 286 θ

1032 654 1085 707 Q.
1119 632 1361 698 ASOONII
1392 655 1643 698 PEDIANI
1708 679 1732 685 1*
1780 691 1781 694 ,

1223 749 1448 793 INCIPIT

866 844 982 888 PRO
1016 844 1320 912 CORNELIO
1352 846 1434 888 DE
1466 847 1805 890 MAIESTATE
1868 850 1871 854 ⁸

609 999 745 1042 Hanc
777 1001 1038 1043 orationem
1071 1001 1192 1043 dixit
1222 1001 1272 1043 L.
1307 1000 1442 1044 Cotta
1472 1002 1522 1078 L.
1548 1002 1785 1057 Torquato
1809 1014 1921 1045 coss.
1930 995 2058 1094 post
2067 996 2147 1046 an-

521 1088 636 1119 num
670 1090 813 1132 quam
845 1078 1124 1132 superiores.

1104 1261 1233 1305 ARG
1246 1262 1571 1305 VMENTVM

614 1388 660 1431 C.
695 1386 941 1430 Cornelius
962 1388 1100 1429 homo
1122 1400 1216 1429 non
1242 1388 1485 1442 improbus
1510 1388 1611 1431 vita
1636 1389 1824 1431 habitus
1849 1391 1930 1432 est.
1993 1390 2150 1433 fuer-at

522 1469 743 1520 quaestor
774 1464 855 1507 Cn.
888 1465 1114 1520 Pompeii,
1158 1465 1268 1507 dein
1305 1468 1360 1507 tr.
1399 1466 1460 1520 pl.
1495 1464 1542 1507 O.
1574 1465 1742 1508 Pisone
1769 1465 1857 1509 M’.
1895 1452 2148 1522 Glabrione

525 1556 638 1586 coss.
672 1543 864 1585 biennio
898 1545 1007 1584 ante
1040 1555 1182 1596 quam
1214 1543 1334 1584 haec
1360 1543 1487 1585 diota
1518 1546 1638 1584 sunt.
1701 1544 1750 1585 in
1783 1556 1837 1586 eo
1869 1544 2149 1598 magistratu

522 1622 588 1663 ita
619 1633 668 1663 se
701 1621 845 1675 gessit
874 1623 928 1662 ut
959 1621 1079 1662 iusto
1106 1620 1397 1674 pertinacior
1422 1620 1691 1673 videretur3
1725 1621 2147 1664 alienatusautem

521 1712 549 1741 a
580 1701 745 1741 senatu
779 1699 847 1740 est
878 1710 939 1740 ex
970 1698 1061 1739 hae
1092 1710 1247 1740 causa.
1321 1698 1570 1740 rettulerat
1601 1699 1659 1740 ad
1692 1701 1907 1741 senatum
1940 1701 2004 1750 ut,
2036 1699 2147 1754 quo'-

520 1777 649 1818 niam
692 1778 965 1818 exterarum
1007 1775 1251 1817 nationum
1290 1767 1458 1830 legatis
1499 1776 1704 1829 pecunia
1744 1789 1918 1831 magna
1953 1777 2149 1819 daretur

521 1866 665 1895 usura
696 1853 948 1907 turpiaque
982 1856 1028 1894 et
1065 1853 1243 1894 famosa
1286 1865 1346 1894 ex
1388 1865 1442 1895 eo
1474 1853 1609 1895 lucra
1641 1854 1822 1908 fierent,
1855 1866 1915 1896 ne
1947 1854 2052 1908 quis
2082 1855 2146 1897 le-

519 1931 641 1985 gatis
702 1932 976 1972 exterarum
1044 1930 1288 1971 nationum
1355 1931 1607 1984 pecuniam
1669 1943 1924 1985 expensam
1986 1931 2145 1974 ferret.

520 2008 654 2050 euius
686 2008 964 2049 relationem
992 2007 1263 2062 repudiavit
1285 2009 1474 2049 senatus
1501 2010 1548 2049 et
1572 2008 1788 2050 decrevit
1811 2008 1923 2051 satis
1954 2010 2146 2050 cautum

519 2085 675 2127 videri
709 2097 762 2126 eo
795 2084 836 2127 S.
872 2083 919 2126 C.
954 2084 1078 2138 quod
1112 2089 1221 2126 ante
1253 2096 1401 2126 annos
1440 2081 1617 2137 septem
1658 2086 1704 2127 et
1738 2085 1829 2127 XX
1855 2085 1906 2127 L.
1938 2085 2145 2128 Domitio

519 2162 568 2205 C.
603 2162 762 2204 Caelio
796 2174 909 2204 coss.
935 2162 1111 2204 factum
1136 2164 1250 2215 erat,
1280 2173 1387 2203 oum
1410 2165 1600 2203 senatus
1622 2164 1731 2204 ante
1752 2162 1979 2217 pauculos
1999 2174 2147 2204 annos

519 2252 581 2283 ea:
614 2239 776 2282 eodem
818 2239 899 2281 illo
931 2239 973 2281 S.
1008 2238 1055 2281 C.
1099 2239 1389 2281 decrevisset
1425 2251 1483 2281 ne
1527 2240 1631 2293 quis
1672 2239 1974 2282 Cretensibus
2004 2251 2144 2295 pecu-

606 2370 753 2404 Inscripe.
773 2376 829 2396 om.
850 2370 892 2396 M.
972 2371 997 2396 6.
1017 2367 1315 2396 ARGUMENTUM
1335 2368 1413 2401 Ala„
1437 2376 1492 2395 om.
1518 2369 1547 2396 C.
1629 2371 1653 2395 7.
1673 2368 1705 2395 O.
1724 2369 1845 2402 Baiter,
1868 2376 1924 2396 om.
1948 2369 1978 2396 C.
2051 2370 2076 2396 8.
2095 2368 2145 2396 Μ’.

518 2422 691 2450 Glabrione
712 2422 834 2455 Baiter,
858 2429 914 2449 om.
939 2422 968 2449 C.
1053 2424 1077 2448 9.
1098 2428 1177 2449 coss.
1197 2421 1318 2454 Baiter,
1343 2429 1405 2449 eos.
1425 2422 1459 2455 P,
1484 2421 1613 2449 consule
1634 2423 1707 2449 SM.
1798 2424 1839 2449 10.
1858 2421 1942 2449 iusto
1961 2422 2141 2456 Manutius,

517 2476 632 2503 iustior
651 2478 679 2503 G.
752 2479 795 2502 11.
816 2478 865 2502 est
883 2476 985 2508 Clark,
1003 2483 1060 2502 om.
1079 2476 1108 2502 C.
1183 2477 1223 2501 12.
1238 2475 1390 2502 darentur
1409 2476 1438 2502 S.
1512 2477 1553 2501 14.
1567 2475 1744 2509 expositam
1759 2476 1801 2503 M.
1849 2475 1948 2503 ferret
1962 2476 2141 2510 Manutius,

518 2529 601 2556 ferat
626 2530 655 2556 C.
730 2531 771 2556 15.
792 2530 918 2556 cautum
940 2528 1250 2562 Kiessliny-Schoell,
1273 2527 1392 2555 factum
1413 2529 1492 2561 PM,
1517 2548 1628 2555 .......
1640 2530 1669 2555 S.
1748 2531 1789 2555 16.
1809 2535 1870 2562 quo
1889 2529 1968 2556 PM.
2023 2530 2144 2564 septem

519 2585 551 2610 et
570 2583 624 2609 XX
644 2583 765 2616 Baiter,
786 2590 842 2610 om.
856 2584 934 2615 PM,
959 2602 1071 2609 .......
1083 2583 1111 2609 S.
1166 2581 1201 2609 L.
1222 2582 1403 2614 Manutius,
1426 2581 1479 2608 Cn.
1499 2583 1534 2615 P,
1557 2581 1646 2609 Gneo
1656 2600 1787 2608 ........
1798 2582 1841 2614 ΙΙΙ,
1865 2589 1921 2609 om.
1941 2583 1970 2609 S.
2043 2584 2085 2610 18.
2104 2589 2145 2610 ex

519 2635 629 2663 eodem
644 2636 955 2670 Kiessliny-Schoell,
980 2636 1097 2667 .....S,
1278 2635 1320 2668 M,
1338 2642 1394 2661 om.
1408 2635 1441 2661 P.
1497 2634 1628 2662 Cretens
1640 2654 1716 2661 .....
1727 2635 1758 2667 S,
1775 2633 1980 2663 Cretensibus
1993 2654 2088 2663 ......
2101 2635 2144 2662 M.

565 2755 588 2788 4
612 2754 655 2789 L.
667 2754 780 2790 Cotta
794 2755 836 2789 L.
846 2755 1045 2799 Torquato
1062 2764 1176 2789 coss:
1191 2764 1225 2788 a.
1239 2754 1295 2788 65.
1418 2754 1523 2789 16-17
1549 2753 1591 2787 L.
1610 2753 1782 2787 Domitio
1809 2752 1848 2789 C.
1867 2752 1997 2789 Caelio
2023 2763 2142 2789 coss:

564 2814 586 2847 8
613 2813 652 2849 C.
679 2813 822 2848 Pisone
848 2814 898 2848 M
902 2815 917 2847 '.
946 2813 1152 2848 Glabrione
1179 2823 1293 2864 coss:
1370 2823 1403 2846 a.
1430 2812 1486 2847 94.
1721 2854 1724 2857 .
2034 2803 2062 2831 Χ

517 2883 552 2907 a.
578 2873 634 2908 67.
1418 2872 1525 2907 17-18
1551 2881 1639 2906 cum
1658 2874 1818 2906 senatus
1844 2874 1935 2906 ante
1953 2871 2142 2917 pauculos

564 2933 586 2966 9
623 2932 663 2965 in
702 2942 747 2967 eo
786 2932 1022 2977 magistratu
1059 2934 1157 2966 etc.:
1194 2930 1291 2964 Dio
1368 2940 1491 2965 annos
1516 2940 1564 2965 ex
1588 2930 1716 2964 eodem
1741 2930 1806 2964 illo
1833 2929 1870 2966 S.
1890 2929 1930 2966 O.
1949 2930 2142 2965 decrevis-

516 2990 684 3025 XXXVI
710 2991 765 3025 38.
1366 2993 1425 3023 set
1452 2993 1550 3034 ete.3
1581 2988 1683 3023 Dio
1709 2988 1788 3034 frq.
1815 2989 1894 3033 111,
1919 2989 1952 3024 3.

2186 1633 2230 1668 10

2185 2018 2230 2053 15
