2300 3528
520 282 565 316 ‘24
1208 281 1371 317 ASCON
1374 280 1454 316 IVS

521 390 706 432 quoque
738 377 941 419 Scaurus
972 378 1098 429 dixit,
1122 389 1207 432 pro
1232 390 1281 419 se
1303 389 1360 419 ac
1391 390 1677 434 magnopere
1703 379 1884 423 iudices
1915 381 2064 424 movit
2084 383 2142 425 et
2170 399 2171 402 ¹

520 454 736 508 squalore
759 457 806 496 et
827 454 1037 496 lacrimis
1063 458 1109 496 et
1134 453 1388 496 aedilitatis
1419 455 1595 498 effusae
1627 457 1857 499 memoria
1888 469 1945 500 ac
1977 440 2140 501 favore

521 531 735 585 populari
767 543 823 572 ac
854 531 1108 586 praecipue
1141 533 1367 585 paternae
1399 533 1691 575 auctoritatis
1723 534 2061 580 recordatione.

345 656 389 692 24
408 657 438 692 S
811 697 813 700 ,
1159 641 1506 693 ENARRATIO

923 725 1102 768 CIRCA
1134 726 1267 769 VER.
1304 726 1339 768 A
1372 727 1531 770 PRIM.
1564 728 1742 770 XXXX
2179 748 2202 783 5

612 827 650 878 (I
671 828 726 879 1.)
751 840 858 869 cum
878 830 1126 869 enumerat
1147 827 1324 870 iudicia
1341 840 1462 882 quae
1478 831 1614 882 pater
1629 829 1794 871 Scauri
1810 833 2034 885 expertus
2048 833 2140 874 est:
2265 811 2269 814 ι

345 915 388 950 21
412 916 443 950 C
611 903 794 945 Subiit
825 905 990 946 etiam
1027 905 1216 959 populi
1253 905 1521 947 iudicium
1559 906 1877 960 inquirente
1914 906 2008 950 Cn.
2038 906 2140 951 Do·
2183 891 2185 894 Α

523 980 677 1022 mitio
720 983 786 1022 tr.
812 980 903 1034 pl.

346 1074 389 1108 ‘21
410 1074 440 1108 O
611 1056 691 1099 Cn.
724 1058 971 1110 Domitius,
1004 1058 1085 1111 qui
1127 1058 1290 1100 consul
1331 1058 1420 1100 fuit
1455 1070 1563 1100 cum
1599 1059 1651 1102 C.
1679 1058 1849 1114 Cassio,
1882 1071 1992 1102 cum
2023 1062 2146 1104 esset

525 1136 579 1175 tr.
613 1134 688 1187 pl.,
722 1134 870 1175 iratus
901 1133 1091 1188 Scauro,
1125 1135 1249 1188 quod
1281 1147 1390 1176 eum
1416 1135 1465 1176 in
1497 1148 1731 1189 augurum
1763 1136 2017 1191 collegium
2048 1149 2143 1182 non
2180 1149 2227 1185 10
2294 1142 2297 1147 ¹

523 1212 839 1264 cooptaverat,
867 1210 993 1252 diem
1020 1211 1063 1252 ei
1081 1211 1203 1253 dixit
1224 1212 1348 1265 apud
1366 1212 1591 1265 populum
1610 1215 1656 1254 et
1672 1213 1871 1255 multam
1896 1213 2142 1268 irrogavit,

522 1287 647 1341 quod
679 1287 780 1329 eius
812 1299 956 1341 opera
987 1299 1124 1329 sacra
1155 1286 1360 1344 {[1nulta]]
1388 1289 1548 1342 populi
1579 1289 1630 1332 R.
1668 1289 1912 1332 deminuta
1942 1301 2043 1333 esse
2075 1289 2142 1332 di-

347 1381 391 1415 19
408 1380 477 1415 KS
522 1366 664 1406 ceret.
742 1364 931 1406 crimini
969 1364 1113 1406 dabat
1143 1376 1279 1406 sacra
1319 1365 1511 1419 publica
1542 1366 1702 1419 populi
1733 1365 1784 1408 R.
1817 1366 1959 1408 deum
1995 1366 2142 1409 Pena—

523 1441 654 1494 tium,
688 1453 809 1494 quae
839 1441 1011 1483 Lavini
1043 1442 1223 1495 fierent,
1257 1454 1400 1496 opera
1432 1443 1533 1484 eius
1573 1439 1729 1484 min-us
1761 1446 1890 1485 recte
1921 1445 2145 1498 casteque

523 1518 639 1559 fieri.
702 1530 794 1571 quo
817 1518 1016 1560 crimine
1048 1518 1288 1560 absolutus
1319 1521 1388 1560 est
1418 1519 1622 1561 Scaurus
1653 1519 1858 1573 quidem,
1882 1520 2064 1562 sed-ita
2094 1522 2146 1563 ut
2174 1529 2228 1576 *15

523 1607 552 1636 a
573 1595 723 1636 tribus
745 1595 960 1636 tribubus
982 1595 1301 1648 damnaretur,
1326 1608 1354 1636 a
1372 1595 1553 1636 XXXII
1576 1595 1914 1648 absolveretur,
1938 1598 1986 1638 et
2005 1595 2056 1638 in
2076 1596 2145 1638 eis

521 1684 673 1726 pauca
694 1675 869 1726 puncta
891 1672 1015 1714 inter
1035 1672 1387 1714 damnationem
1410 1674 1457 1714 et
1477 1672 1820 1714 absolutionem
1846 1672 2141 1716 interessent.

1226 1790 1440 1832 IBIDEM

614 1888 690 1938 (2.)
725 1886 864 1928 Reus
907 1889 988 1927 est
1032 1886 1211 1927 factus
1247 1898 1275 1926 a
1306 1884 1365 1938 Q.
1413 1884 1656 1926 Servilio
1699 1883 1975 1940 Caepione
2019 1886 2142 1941 lege

523 1963 783 2016 Servilia,
838 1975 961 2004 cum
1014 1963 1230 2004 iudicia
1276 1974 1444 2016 penes
1496 1964 1834 2015 equestrem
1883 1962 2143 2006 ordinem
2183 1977 2230 2012 20

525 2042 708 2082 essent
734 2042 786 2081 et
816 2040 869 2081 P.
892 2039 1110 2081 Rutilio
1143 2039 1398 2081 damnato
1430 2051 1590 2080 nemo
1618 2041 1725 2080 tam
1757 2038 2034 2082 innocens
2065 2039 2144 2082 vi-

523 2101 756 2158 deretur
788 2119 848 2157 ut
879 2128 988 2157 non
1021 2116 1255 2157 timeret
1287 2115 1411 2156 illa.

611 2224 634 2247 1.
663 2227 780 2254 magno
810 2228 865 2254 por
894 2219 1016 2247 iudices
1044 2221 1074 2253 S,
1106 2226 1300 2253 magnopere
1329 2218 1339 2245 i
1447 2220 1488 2246 M.
1597 2222 1621 2246 2.
1649 2218 1768 2247 effusae
1796 2219 1960 2254 Heinrich,
1983 2219 2086 2248 effusa
2115 2221 2147 2249 C.

521 2276 581 2301 4-5.
602 2282 658 2300 om.
678 2275 720 2300 M.
827 2276 852 2300 5.
874 2272 976 2300 CIRC.
989 2274 1023 2299 P.
1073 2272 1097 2299 A
1121 2273 1199 2305 Ald„
1232 2280 1288 2299 om.
1313 2273 1343 2300 C.
1450 2274 1476 2299 6.
1495 2275 1661 2300 enumerat
1688 2272 1867 2306 Manutius,
1889 2275 2094 2301 enumeraret
2117 2274 2148 2302 0.

522 2329 547 2354 7.
567 2327 665 2354 subiit
685 2327 762 2360 Mai,
785 2326 871 2353 subit
896 2327 925 2354 C.
998 2329 1022 2353 9.
1042 2325 1075 2353 C.
1098 2325 1276 2359 Manutius,
1300 2333 1357 2352 om.
1381 2326 1411 2353 C.
1484 2328 1526 2352 10.
1546 2325 1684 2360 collegio
1705 2326 1778 2353 SM.
1850 2328 1892 2353 11.
1905 2325 2059 2354 mulctam
2079 2327 2149 2354 SP-

525 2383 566 2407 12.
586 2380 687 2406 multa
711 2381 741 2412 (J,
765 2380 822 2406 dec.
847 2380 947 2406 Clark.
1000 2378 1161 2405 diminuta
1179 2379 1257 2406 PM.
1330 2380 1424 2405 13-14.
1443 2380 1593 2412 penatum
1613 2379 1655 2405 M.
1686 2365 1688 2367 ’
1727 2380 1769 2405 14.
1787 2377 1890 2406 labin}
1909 2379 1982 2406 SM.
2033 2379 2149 2407 florent

451 2448 454 2450 v
525 2433 703 2465 Manutius,
727 2431 855 2459 suerunt
879 2432 908 2459 C.
999 2434 1041 2458 16.
1062 2431 1206 2458 XXXVII
1226 2432 1304 2458 PM.
1395 2433 1436 2458 17.
1455 2432 1573 2464 puncta
1591 2432 1709 2466 puncta
1726 2431 1760 2458 P.
1808 2432 1916 2459 essent
1934 2431 1969 2464 P,
1992 2431 2045 2458 sod
2064 2431 2150 2461 inter
2217 2461 2220 2466 ,

524 2486 594 2513 add.
614 2487 716 2519 I'm9.²
789 2488 831 2512 20.
852 2484 933 2512 iulia
952 2486 994 2513 M.
1067 2488 1108 2511 22.
1130 2484 1243 2512 timere
1265 2485 1339 2511 SM.

573 2594 592 2628 7
619 2592 745 2627 Subiit
772 2593 889 2627 etiam
917 2595 1009 2626 ete:
1036 2603 1069 2626 a.
1098 2591 1177 2626 104.
1419 2591 1461 2625 ‘21
1489 2591 1530 2625 P.
1568 2590 1714 2625 Rutilio
1757 2590 1960 2626 damnato:
2000 2601 2035 2626 a.
2082 2591 2149 2626 92:
2203 2594 2208 2599 '

572 2652 593 2686 9
621 2652 686 2696 qui
711 2651 966 2696 consu11fuit:
993 2662 1026 2685 a.
1054 2651 1110 2685 96.
1366 2650 1533 2694 perioch.
1569 2649 1674 2683 Liv.
1712 2649 1838 2693 LXX3
1875 2649 2004 2685 Vcll.
2043 2649 2147 2685 Pat.

574 2710 618 2745 10
654 2711 775 2744 iratus
813 2709 980 2745 Scauro:
1019 2704 1131 2745 aliter
1166 2709 1299 2744 Suet.
1373 2709 1485 2753 1113,
1511 2708 1552 2753 23
1573 2708 1709 2743 Oros.
1735 2708 1768 2743 V
1795 2708 1850 2753 17,
1877 2708 1940 2754 123
1960 2707 2146 2754 Cic-pro

526 2770 618 2803 Ner.
645 2770 667 2804 2
694 2769 957 2813 (pontificibus
980 2769 1174 2804 ,offensior
1199 2770 1299 2810 ete).
1374 2768 1485 2803 Balb.
1511 2767 1566 2812 11,
1596 2767 1662 2812 283
1695 2777 1772 2812 pro
1810 2760 1968 2802 Fonteio
1997 2767 2053 2818 17,
2082 2767 2146 2812 38;

575 2828 615 2861 11
639 2827 741 2862 diem
769 2826 940 2872 ei-'dixitz
966 2827 1061 2861 Val.
1086 2827 1290 2861 Max.-VI
1373 2827 1418 2861 de
1437 2829 1517 2861 nat.
1543 2827 1644 2861 deor.
1662 2826 1720 2861 III
1737 2826 1826 2871 3283
1852 2826 1973 2861 Flor.
1999 2825 2058 2862 ΠΙ
2083 2826 2148 2871 17ς

527 2887 559 2931 5,
579 2887 617 2931 53
644 2885 739 2921 cio.
767 2886 887 2921 Deiot.
916 2887 971 2931 11,
997 2887 1053 2921 31.
1293 2866 1301 2883 ⁷
1374 2886 1490 2920 Tae.
1515 2896 1608 2920 ann.
1627 2885 1681 2919 IV
1706 2885 1769 2930 433
1794 2885 1902 2920 sen.
1923 2884 1969 2920 de
1988 2885 2068 2920 ben.
2093 2883 2148 2920 VI

575 2945 619 2979 15
646 2945 845 2979 absolutus
873 2949 949 2980 est:
975 2945 1063 2979 Dio
1090 2946 1131 2980 fr.
1151 2946 1207 2980 90.
1375 2946 1439 2989 373
1465 2945 1510 2982 de
1527 2955 1639 2989 prov.
1665 2945 1705 2988 33
1739 2943 1874 2979 Ovid.
1901 2954 1949 2979 eae
1978 2945 2103 2980 Ponto
2127 2942 2147 2978 Ι

575 3003 690 3039 19—20
715 3004 805 3052 lege
831 3004 1016 3040 Servilia:
1044 3005 1133 3041 circ.
1161 3016 1194 3040 a.
1222 3004 1300 3041 104.
1375 3005 1408 3049 3,
1436 3004 1493 3039 63.
