2300 3528
106 1041 154 1079 10

90 1421 155 1467 '15

780 235 835 272 IN
861 235 1240 272 CORNELIANAM
1795 235 1837 270 71

189 333 349 390 quod
381 333 604 377 malum
635 334 829 376 visum
872 335 964 377 est
1004 345 1122 376 rem
1155 346 1200 388 p.
1234 346 1348 376 non
1386 334 1591 388 laesit,
1625 333 1734 376 sed
1768 333 1839 375 ab

189 409 294 454 illo
324 409 456 466 ipso
497 411 578 452 tr.
631 410 941 452 abiectum
992 412 1103 464 est,
1155 410 1370 452 bonum
1408 412 1633 464 autem,
1682 409 1839 464 quod

190 487 545 544 excoyitavit
589 486 653 530 de
703 499 918 530 summa
966 499 1024 530 re
1073 500 1144 542 p.,
1189 490 1363 530 manet
1410 490 1463 530 et
1501 488 1528 539 †
1560 488 1615 529 in
1663 487 1840 530 vestri

188 565 478 609 ordina....
511 565 604 608 dis
636 565 761 607 fuit.

278 643 474 687 Dictum
506 645 578 686 est
608 643 703 685 iam
727 655 872 698 supra
893 643 952 686 de
975 643 1049 686 his
1071 644 1258 698 legibus
1281 656 1399 698 quas
1422 655 1551 686 nunc
1571 643 1840 699 siqnificat:

190 733 293 765 una
339 721 399 764 de
445 721 782 763 libertinorum
824 721 1080 776 suffragiis,
1129 733 1253 776 quae
1286 733 1397 764 cum
1440 721 1483 764 S.
1524 720 1572 764 C.
1615 722 1843 764 damnata

191 801 327 855 esset,
359 799 420 842 ab
452 799 566 855 ipso·
586 811 774 854 quoque
806 799 1001 841 Manilio
1043 811 1141 842 non
1186 800 1312 842 ultra
1344 799 1540 842 defensa
1573 802 1656 854 est,
1690 800 1842 842 altera

175 878 251 922 ”de
282 878 418 921 bello.
433 877 758 920 Mithridatico
785 876 867 920 Cn.
891 877 1116 933 Pompeio
1139 880 1278 920 extra
1300 878 1522 921 ordinem
1555 878 1841 932 mandando,

192 968 382 1012 exqua
411 956 520 1012 lege
552 958 654 998 tum
686 955 887 1011 Magnus
917 956 1172 1012 Pompeius
1206 957 1387 999 bellum
1426 957 1638 1012 gerebat.

278 1033 410 1078 Dicit
441 1034 500 1077 de
533 1034 797 1077 disturbato
830 1034 1009 1076 iudicio
1041 1034 1325 1077 Maniliano:

278 1112 424 1155 Aliis
466 1112 570 1155 ille
617 1112 673 1154 in
720 1112 891 1154 illum
934 1112 1200 1155 furorem
1245 1114 1475 1168 magnis
1518 1113 1843 1156 hominibus

180 1190 552 1235 auctoribus
607 1190 881 1246 impulsus
939 1194 1040 1245 est,
1110 1191 1204 1246 qui
1271 1192 1519 1247 aliquod
1587 1192 1842 1234 institui

176 1269 517 1324 ”exemplum
545 1268 1079 1311 ‘disturbandorum
1112 1269 1479 1312 iudiciorum
1512 1270 1600 1313 rei
1626 1281 1682 1324 p.
1717 1282 1840 1325 per—

189 1347 655 1401 niciosissimum,
713 1347 1062 1402 temporibus
1123 1347 1240 1390 suis
1301 1348 1841 1391 accommodatissi-

191 1437 358 1481 mum,
390 1425 530 1468 meis
560 1425 983 1467 alienissimum
1018 1425 1342 1468 rationibus
1374 1426 1706 1481 cupierunt.

278 1503 332 1546 L·-.
375 1501 631 1546 Catilinam
674 1505 722 1545 et
763 1501 846 1545 Cn.
890 1502 1110 1545 Pisonem
1154 1503 1349 1546 videtur
1389 1503 1676 1558 significare.
1754 1504 1843 1546 fuit

190 1585 353 1625 autem
379 1580 587 1625 Catilina
628 1581 860 1636 patricius
892 1583 940 1623 et
987 1581 1154 1623 eodem
1203 1581 1286 1623 illo
1335 1584 1549 1636 tempore
1598 1585 1843 1625 erat‘reus

191 1659 582 1716 repetundarum,
615 1671 725 1701 cum
759 1659 1059 1714 provinciam
1092 1658 1307 1702 Africam
1342 1660 1623 1703 obtinuisset
1655 1663 1702 1703 et
1733 1673 1840 1703 con-

188 1739 373 1782 sulatus
403 1737 713 1780 candidatum
745 1749 795 1780 se
829 1737 1121 1779 ostendisset.

278 1816 542 1860 Accusator
572 1818 676 1858 erat
722 1815 825 1858 eius
870 1815 917 1857 P.
954 1814 1158 1869 Clodius,
1205 1816 1487 1859 adulescens
1519 1817 1619 1872 ipse
1653 1829 1841 1872 quoque

190 1894 418 1951 perditus,
437 1894 520 1949 qui
543 1896 705 1949 postea
727 1906 837 1936 cum
861 1892 1091 1936 Cicerone
1116 1894 1396 1937 inimicitias
1419 1895 1575 1950 gessit.
1625 1894 1706 1938 Cn.
1729 1908 1840 1950 quo-

191 1985 285 2028 que
316 1972 437 2027 Piso,
470 1971 752 2014 adulescens
794 1973 961 2026 potens
1001 1974 1049 2014 et
1096 1972 1414 2027 turbulentus,
1455 1973 1707 2015 familiaris
1739 1976 1844 2016 erat

280 2076 305 2102 1.
323 2072 408 2108 quod
427 2072 549 2100 malum
569 2071 674 2100 visum
695 2074 744 2100 est
764 2079 831 2100 rem
852 2079 880 2106 p.
900 2078 963 2099 non
993 2071 1091 2099 laesit
1119 2072 1433 2106 Kiessliny-Schoell‚
1467 2073 1696 2107 quodsumnia
1716 2080 1767 2101 res
1787 2081 1840 2108 pu-

188 2143 278 2173 bliea
299 2147 377 2180 (rep.
397 2144 443 2178 M)
464 2150 528 2171 non
548 2143 636 2171 hesit
655 2144 734 2176 PM,
757 2143 841 2177 quod
942 2115 1024 2178 puca
1040 2143 1081 2171 ηδ
1100 2143 1186 2172 hesit
1206 2145 1235 2172 S.
1318 2147 1342 2172 2.
1364 2147 1400 2172 tr.
1421 2146 1456 2178 Ρ,
1481 2145 1644 2172 tribunum
1666 2147 1710 2179 M,
1734 2153 1791 2173 om.
1811 2146 1844 2173 S.

190 2201 251 2227 2-8.
270 2198 356 2234 quod
375 2197 578 2232 excogitavit
597 2197 635 2225 de
656 2199 841 2231 Mommsen,
864 2197 948 2232 quod
968 2218 1083 2226 .......
1097 2199 1120 2226 S
1132 2199 1173 2231 M,
1198 2198 1282 2232 quod
1303 2200 1336 2226 P.
1410 2202 1436 2226 3.
1459 2207 1492 2227 rc
1507 2207 1536 2233 p.
1551 2200 1630 2233 Ala„
1655 2207 1706 2227 res
1720 2207 1748 2234 p.
1763 2201 1839 2232 SM,

189 2259 243 2281 rea
260 2252 393 2288 publica
411 2253 446 2279 P.
531 2253 592 2279 3-4.
613 2251 646 2279 in
666 2251 767 2279 vestri
787 2251 902 2279 ordina
922 2271 999 2280 .....
1022 2253 1092 2285 (lac.
1116 2254 1133 2279 7
1155 2252 1214 2280 litt.
1234 2254 1269 2285 P,
1293 2261 1350 2280 om.
1373 2254 1429 2280 lae.
1450 2254 1497 2287 M)
1520 2253 1569 2280 dis
1592 2255 1661 2287 (lac.
1684 2255 1704 2281 3
1725 2254 1784 2281 litt.
1804 2255 1841 2285 P)

189 2301 301 2340 fuito,
323 2305 358 2334 id
371 2307 464 2334 extra
483 2305 628 2333 ordinem
643 2305 704 2332 fuit
718 2305 881 2340 Siyonius‚
906 2305 1022 2340 inperii
1045 2306 1144 2333 vestri
1167 2306 1348 2334 ordinarios
1368 2306 1479 2334 hostes
1501 2307 1636 2341 dispulit
1655 2309 1839 2340 Mommsen,

190 2360 223 2388 in
243 2359 450 2395 scinpiternis
471 2360 530 2393 (vel
549 2359 726 2394 perpetuis)
747 2359 876 2394 imperii
896 2360 996 2387 vestri
1017 2358 1164 2388 hostibus
1183 2360 1352 2388 domandis
1366 2361 1438 2395 plus
1452 2361 1485 2388 in
1500 2361 1570 2388 dies
1584 2361 1704 2395 profuit
1718 2362 1840 2395 Stanyl;

189 2412 223 2441 in
243 2409 338 2442 rebus
357 2412 485 2448 imperii
505 2412 606 2441 vestri
627 2412 816 2440 ordinandis
835 2412 957 2446 profuit
978 2420 1040 2447 eqo.
1123 2415 1148 2440 5.
1170 2413 1233 2441 iam
1256 2414 1569 2449 Kiessliny-Sehoell,
1593 2414 1691 2442 etiam
1717 2416 1747 2442 C.
1804 2415 1842 2443 de

189 2466 242 2496 his
260 2467 442 2501 Manutius,
465 2466 562 2494 dictis
587 2467 617 2494 C.
672 2468 733 2494 5-6.
754 2466 939 2501 signifieat:
956 2474 1020 2494 una
1035 2467 1156 2502 Stangl&
1175 2475 1232 2494 om.
1252 2469 1282 2495 C.
1355 2471 1381 2495 6.
1401 2468 1440 2496 de
1455 2469 1490 2501 P,
1509 2468 1547 2496 dc
1563 2468 1741 2496 liberatura
1756 2468 1794 2496 de
1809 2470 1839 2502 S,

190 2520 410 2550 deliberatura
429 2519 468 2548 de
491 2521 532 2548 M.
632 2522 656 2548 7.
677 2527 740 2547 non
761 2520 1076 2554 Isiessliny-Schoell‚
1101 2529 1158 2548 om.
1184 2523 1214 2548 ('.
1279 2521 1365 2549 ultra
1386 2524 1408 2549 S
1418 2523 1462 2555 M,
1486 2522 1581 2550 altera
1603 2523 1637 2549 P.
1730 2525 1754 2549 9.
1777 2524 1843 2550 tuni

190 2575 270 2609 Ald„
293 2582 365 2603 cum
389 2574 420 2603 0.
512 2577 554 2602 12.
573 2573 698 2609 aliquot
718 2575 793 2602 SM.
850 2574 978 2602 institui
999 2575 1182 2609 Manutius,
1206 2575 1350 2603 instituit
1374 2576 1404 2604 C.
1487 2578 1530 2603 13.
1551 2576 1596 2603 rei
1618 2584 1646 2611 p.
1666 2577 1839 2608 Patricius,

190 2636 248 2657 om.
272 2629 302 2657 C.
394 2629 436 2655 15.
454 2627 536 2656 meis
555 2628 738 2661 Manutius,
762 2628 809 2655 eis
835 2630 864 2655 C.
921 2627 1032 2662 cupiei·
1057 2630 1087 2656 C.
1187 2631 1282 2656 18-19.
1305 2629 1572 2658 et-ostendisset
1592 2638 1648 2658 om.
1669 2632 1698 2658 S.
1755 2638 1843 2658 cosu-

189 2681 276 2713 latus
296 2682 341 2710 M.
413 2682 456 2711 20.
476 2684 546 2710 crat
566 2689 622 2709 om.
644 2682 673 2709 S.
747 2684 789 2708 21.
811 2681 1019 2710 inimicitiam
1042 2684 1117 2710 SM.
1193 2686 1235 2710 22.
1256 2683 1331 2711 Piso
1353 2684 1520 2717 Lodoe'cus,
1544 2684 1612 2718 ipse
1638 2686 1668 2712 C.

239 2760 312 2796 7-8
343 2758 468 2794 altera
493 2759 543 2795 de
579 2759 682 2795 bello
710 2759 975 2795 Mithridatico
1051 2759 1087 2794 X
1105 2761 1143 2806 4;
1171 2760 1295 2797 Sall.
1327 2762 1408 2798 Cat.
1436 2763 1500 2807 393
1535 2763 1654 2798 Vell.
1681 2763 1776 2798 Pat.
1804 2763 1842 2798 II

191 2817 259 2855 Cn.
286 2818 475 2864 Pompeio
510 2821 623 2854 extra
655 2819 833 2854 ordinem
868 2830 976 2854 man·
1050 2821 1096 2855 33
1114 2831 1183 2866 sq.3
1210 2822 1332 2867 App.
1360 2823 1500 2857 Miller.
1529 2823 1585 2858 97.

192 2878 323 2914 dando
361 2882 455 2914 etc:
488 2877 589 2914 Cic.
623 2878 669 2914 de
694 2881 787 2924 imp.
822 2880 976 2925 Pomp.3
1099 2880 1145 2915 22
1171 2881 1374 2917 familiaris
1408 2886 1492 2917 erat
1524 2882 1717 2918 Catilinae
1746 2886 1842 2918 etc:

185 2937 627 2984 perioch.Liv.C;Dio
643 2937 810 2973 XXXVI
824 2938 977 2985 42sqq.;
1050 2939 1144 2975 Dio
1184 2941 1351 2976 XXXVI
1378 2941 1435 2987 44,
1462 2942 1552 2987 4-53
1591 2942 1698 2978 Cic.
1739 2942 1840 2977 Sall.

191 2997 320 3034 Plut.
348 2998 485 3043 Pomp.
503 2997 568 3042 303
596 2997 690 3033 Luc.
718 2998 782 3043 353
809 2998 976 3034 Zonar.
1051 2999 1107 3045 24,
1134 3001 1197 3045 673
1223 3001 1332 3035 Mur.
1359 3001 1416 3046 38,
1444 3002 1500 3036 81.

1878 339 1923 375 58
1943 339 2012 375 ΚΒ

1879 633 1975 669 66Β

1881 684 1971 719 53S

1881 1044 1976 1080 660
