2300 3528
0 598 10 665 ξ.

0 666 4 678 ,

541 222 596 259 ΙΝ
623 221 930 259 ΟΒΑΤΙΟΝΕΜ
956 222 1012 259 IN
1039 222 1181 259 TOGA
1208 222 1446 260 CANDIDA
1772 223 1819 258 95

260 317 335 361 Ita
365 318 561 374 quidem
603 319 782 362 iudicio
816 323 888 362 est
923 299 1168 363 absolutus
1200 320 1408 364 Catilina
1442 324 1493 363 ut
1524 319 1717 363 Clodius
1749 320 1816 362 in-

171 393 314 440 famis
341 394 488 438 fuerit
511 396 878 451 praevaricatus
903 408 1026 439 esse:
1059 410 1170 439 nam
1205 401 1253 440 et
1284 398 1483 440 reiectio
1516 396 1730 440 iudicum
1758 397 1819 439 ad

163 472 427 516 *arbitrium
458 473 529 516 rei
562 473 822 516 videbatur
847 486 948 517 esse
982 475 1120 517 facta.

258 549 528 606 Populum
578 563 732 606 vero,
781 564 906 595 cum
955 553 1310 608 inspectante
1358 553 1564 608 populo
1613 553 1819 596 collum

111 631 136 669 5
170 627 355 672 sociiit
403 627 649 671 hominis
701 629 944 672 maxime
997 630 1309 685 popularis,
1357 631 1553 685 quanti
1603 631 1822 673 faceret

91 1026 137 1064 10

91 1417 139 1455 15

171 705 436 750 ostendit.

185 818 189 822 ,
259 782 484 827 Diximus
515 786 563 826 et
594 784 737 839 paulo
771 787 882 827 ante
914 785 1034 828 Mari
1067 788 1212 841 caput
1243 785 1499 828 Catilinam
1533 798 1620 840 per
1652 787 1820 829 urbem

171 861 349 905 tulisse.

261 938 344 982 Me
376 951 484 994 qua
514 940 762 982 amentia
794 940 1058 983 inductus
1083 942 1156 983 sit
1183 944 1240 983 ut
1265 943 1673 995 contemneret,
1701 953 1822 984 con-

173 1016 414 1060 stituere
445 1029 553 1060 non
585 1030 828 1073 possum.
909 1021 1093 1061 utrum
1132 1032 1309 1074 aequo
1347 1019 1532 1061 animo
1576 1019 1822 1062 laturum

173 1095 436 1151 putavit?
518 1098 574 1138 at
614 1095 671 1138 in
711 1109 807 1138 suo
855 1097 1307 1139 familiarissimo
1355 1097 1579 1139 viderat
1627 1109 1708 1139 me
1756 1109 1824 1139 ne

174 1172 413 1216 aliorum
449 1173 675 1228 quidem
709 1174 952 1216 iniurias
986 1175 1358 1217 mediocriter
1388 1187 1547 1230 posse
1582 1175 1752 1217 ferre.

263 1249 569 1293 Manifestum
603 1254 674 1294 est
705 1250 754 1294 C.
790 1251 990 1294 Verrem
1024 1252 1299 1306 significari.

263 1327 424 1372 Alter
459 1341 662 1384 pecore
705 1330 855 1372 omni
899 1330 1130 1373 vendito
1168 1334 1222 1372 et
1256 1331 1494 1372 saltibus
1528 1343 1698 1385 prope
1732 1331 1823 1372 ad-

174 1405 344 1450 dictis
384 1407 642 1461 pastores
683 1407 914 1461 retinet,
953 1419 1020 1450 ex
1062 1407 1268 1462 quibus
1303 1407 1383 1449 ait
1419 1420 1476 1450 se
1518 1419 1641 1450 cum
1683 1407 1826 1449 velit

174 1483 361 1527 subito
393 1483 764 1539 fugitivorum
796 1485 1007 1528 bellum
1041 1485 1443 1528 excitaturum.

264 1561 314 1606 C.
346 1563 608 1607 Antonium
640 1563 892 1619 significat.

244 1640 424 1683 ‘Alter
459 1640 688 1683 induxit
729 1653 849 1683 eum
894 1653 1053 1696 quem
1096 1642 1297 1696 potuit,
1334 1644 1391 1683 ut
1434 1644 1666 1696 repente
1709 1641 1825 1695 gla-

176 1717 428 1761 diatores
469 1719 675 1774 populo
717 1731 825 1761 non
867 1719 1088 1761 debitos
1130 1719 1531 1774 polliceretur;
1575 1732 1667 1761 eos
1710 1719 1826 1774 ipse

177 1796 498 1839 consularis
544 1797 880 1839 candidatus
932 1797 1228 1852 perspexit
1275 1799 1329 1839 et
1374 1797 1516 1852 legit
1562 1799 1616 1839 et
1663 1797 1826 1839 emit:

177 1882 478 1931 praesente
510 1875 714 1930 populo
747 1875 804 1918 R.
840 1875 1048 1917 factum
1082 1878 1182 1917 est.

266 1951 322 2006 Q.
357 1950 582 2007 Gallium,
616 1965 759 2008 quem
793 1956 956 2008 postea
988 1965 1123 1995 reum
1157 1953 1366 1995 ambitus
1398 1953 1626 2007 defendit,
1649 1953 1826 2007 signifi-

178 2041 291 2074 care
322 2030 530 2073 videtur.
608 2030 690 2073 hic
721 2031 849 2073 enim
898 2043 1008 2073 cum
1057 2034 1179 2073 esset
1226 2033 1482 2085 praeturae
1530 2030 1827 2083 candidatus,

178 2107 305 2164 quod
337 2108 387 2151 in
420 2108 666 2151 aedilitate
693 2121 837 2163 quam
860 2111 971 2151 ante
994 2121 1173 2151 annum
1197 2111 1410 2162 gesserat
1432 2108 1607 2151 bestias
1630 2121 1724 2150 non
1746 2108 1827 2149 ha-

179 2184 363 2240 buerat,
387 2186 520 2229 dedit
543 2186 883 2241 gladiatorium
911 2199 1090 2230 'munus
1122 2188 1209 2229 sub
1237 2187 1373 2229 titulo
1406 2187 1530 2242 patri
1553 2199 1603 2228 se
1627 2186 1674 2228 id
1697 2186 1826 2229 dare.

269 2262 643 2317 Quamobrem
692 2268 895 2320 augete
944 2265 1112 2307 etiam
1162 2265 1495 2319 mercedem,
1539 2264 1582 2307 si
1631 2264 1827 2318 vultis,

271 2397 296 2421 1.
314 2393 445 2428 quidem
464 2393 779 2427 Kiessliny-Sclcoell,
803 2393 886 2427 quod
912 2395 942 2421 C.
997 2393 1164 2421 absolutus
1184 2396 1234 2421 cst
1248 2395 1275 2420 Ι)
1286 2395 1326 2420 .1[.
1400 2397 1424 2421 2.
1445 2401 1516 2421 esse
1532 2394 1670 2428 Madvig.
1695 2396 1781 2421 essct
1799 2395 1829 2421 C.

181 2449 206 2475 7.
225 2446 308 2475 Muri
330 2447 410 2480 ΡᾹῙ,
433 2454 531 2475 mauu
551 2447 581 2474 S.
638 2446 774 2474 catilina
794 2448 823 2474 S.
898 2449 923 2475 9.
942 2446 986 2475 sit
1005 2447 1145 2481 Mada-1211,
1168 2449 1217 2475 est
1241 2448 1272 2475 C.
1347 2450 1388 2474 10.
1409 2454 1490 2481 equo
1512 2447 1545 2474 P.
1601 2446 1709 2474 animo
1724 2455 1781 2474 om.
1797 2447 1830 2474 Ρ.

182 2503 225 2530 11.
245 2502 280 2529 at
299 2500 439 2536 Madvig
462 2508 504 2528 an
529 2502 559 2529 C.
643 2503 686 2528 12.
706 2500 836 2535 quidem
858 2501 938 2534 ΑΜ,
961 2508 1018 2528 om.
1043 2502 1072 2528 G.
1167 2503 1207 2528 13.
1227 2500 1409 2535 significari
1427 2509 1460 2536 p,
1483 2500 1650 2536 significat
1674 2502 1704 2529 C.
1778 2503 1828 2528 14-

183 2573 225 2600 15.
245 2570 386 2599 addictis
405 2572 578 2606 Beraldus,
601 2571 722 2600 additis
748 2573 777 2600 ι’.
853 2574 894 2600 1⁵.
915 2579 987 2600 eum
1009 2573 1038 2600 S.
1114 2575 1155 2599 19.
1176 2572 1290 2606 poculo
1311 2573 1349 2599 Ρ1
1362 2574 1404 2600 M.
1466 2545 1520 2609 (clos
1539 2573 1573 2600 P.
1657 2576 1699 2600 20.
1719 2579 1830 2600 consu-

182 2624 285 2653 larius
304 2626 383 2653 PM.
467 2628 511 2653 24.
530 2625 654 2654 bestias
673 2626 856 2659 Manutius,
880 2625 1003 2654 vertias
1027 2628 1057 2654 C.
1150 2627 1192 2654 25.
1213 2625 1431 2661 gladiatorum
1453 2627 1526 2653 SM.
1584 2634 1698 2654 munus
1724 2627 1827 2658 Clark,

183 2686 241 2706 om.
265 2681 296 2708 C.
351 2678 437 2714 patri
459 2679 639 2713 Manutius,
671 2679 774 2714 patris
799 2682 829 2708 U.
902 2682 945 2708 26.
966 2682 1106 2715 augente
1128 2680 1202 2708 SM.
1259 2679 1426 2708 mercedes
1447 2681 1482 2706 Pl
1494 2681 1538 2714 M,
1560 2680 1708 2708 mercede
1731 2682 1759 2707 S.

231 2792 278 2828 22
303 2793 704 2839 postea...defendit.
757 2794 885 2829 Errat
901 2794 970 2829 hoc
1042 2796 1109 2839 383
1128 2793 1228 2830 Cic.
1260 2795 1374 2828 Brut.
1394 2796 1451 2839 80,
1470 2794 1558 2838 2773
1580 2794 1686 2829 Val.
1708 2794 1744 2828 M
1758 2804 1830 2828 ax.

184 2853 264 2889 loco
296 2852 500 2895 Asconius,
537 2854 728 2898 quoniam
763 2865 796 2888 α.
824 2855 875 2888 66
912 2853 969 2889 C'i-
1042 2854 1136 2889 VIII
1164 2855 1219 2899 10,
1246 2855 1278 2888 3.

183 2924 269 2950 cero
298 2911 478 2949 Gallium
499 2914 692 2958 defendit:
710 2914 777 2949 cfr.
797 2914 841 2956 Q.
867 2912 967 2948 Cic.
1090 2914 1136 2949 23
1165 2918 1375 2959 praeturae
1402 2914 1656 2949 candidatus:
1684 2924 1717 2949 a.
1745 2915 1801 2949 66.

178 2975 256 3023 pet.
281 2983 384 3010 cons.
412 2973 474 3019 193
505 2974 782 3011 Pseudasc.
817 2974 924 3009 Verr.
950 2973 969 3010 I
1091 2973 1135 3010 24
1163 2975 1203 3010 iu
1230 2974 1451 3011 aedilitate:
1479 2984 1512 3009 a.
1540 2974 1596 3010 67.

1861 1026 1959 1062 ὅὸΒ

1865 1645 1960 1680 (580

1869 2111 1912 2146 79
1929 2111 1996 2144 1235
