2300 3528
791 217 846 254 IN
874 202 1212 256 MILONIANAM
1778 216 1824 254 53

181 312 406 370 diximus,
440 315 582 358 misit.
661 316 742 370 qui
775 328 885 359 cum
918 317 1184 370 reduceret,
1217 315 1413 358 Flavius
1443 327 1632 370 quoque
1665 327 1716 357 re
1749 327 1823 357 co-

182 391 318 448 gnita
348 392 411 436 ad
447 393 749 448 eripiendum
786 394 1043 448 Tigranem
1076 394 1316 449 profectus
1352 397 1434 435 est.
1506 394 1567 435 ad
1599 395 1820 448 quartum

180 467 391 525 lapidem
425 470 486 513 ab
519 470 638 512 urbe
670 483 831 525 pugna
863 471 990 514 facta
1021 474 1104 524 est,
1138 471 1187 526 in
1220 483 1315 525 qua
1347 471 1484 522 multi
1517 483 1579 513 ex
1622 474 1823 525 utraque

53 599 79 612 -.
182 534 632 603 partececiderunt,
651 549 813 603 plures
833 551 994 592 tamen
1020 561 1082 591 ex
1107 548 1259 603 Flavi,
1287 549 1413 591 inter
1437 561 1554 603 quos
1580 552 1627 590 et
1652 549 1710 590 M.
1738 548 1822 590 Pa-

53 620 58 628 ”
121 633 146 670 5
179 624 334 680 pitius
353 637 500 681 eques
520 625 586 680 R.,
608 626 906 681 publicanus,
929 627 1178 669 familiaris
1204 626 1441 682 Pompeio.
1504 626 1700 668 Flavius
1721 626 1822 668 sine

180 702 355 747 comite
385 702 584 747 Romam
617 704 704 747 vix
734 705 957 760 perfugit.

269 779 424 824 Haec
473 781 667 824 eadem
720 782 888 836 longo
936 782 1249 825 intervallo
1292 794 1573 838 conversa
1616 794 1823 824 rursus

180 858 350 901 estin
381 871 490 902 me:
536 872 721 915 nuper
761 860 1008 915 quidem,
1050 863 1106 902 ut
1151 860 1335 914 scitis,
1382 872 1461 903 me
1494 860 1560 902 ad
1593 860 1823 915 Regiam

133 963 139 969 -
179 948 359 993 paene
391 937 654 980 confecit.

26 998 34 1053 ⁷.
86 1025 144 1062 v10
269 1012 374 1068 Quo
395 1014 474 1072 die
495 1015 766 1070 periculum
789 1015 879 1058 hoc
900 1016 1087 1070 adierit,
1112 1019 1163 1058 ut
1185 1015 1377 1058 Clodius
1399 1029 1508 1058 eum
1532 1017 1591 1059 ad
1624 1016 1822 1071 Regiam

180 1103 333 1147 paene
355 1091 629 1147 confecerit,
648 1105 883 1148 nusquam
903 1091 1083 1150 flpeness
1102 1094 1287 1147 inveni3
1311 1106 1405 1136 non
1428 1097 1588 1136 tamen
1611 1095 1825 1137 adducor

181 1171 235 1212 ut
263 1171 427 1225 putem
459 1169 741 1213 Ciceronem
783 1171 1051 1225 mentitum,
1084 1171 1366 1227 praesertim
1399 1184 1509 1214 cum
1542 1172 1720 1214 adiciat
1761 1175 1824 1214 ut

178 1246 370 1291 scitis.
447 1248 532 1291 sed
563 1248 758 1291 videtur
799 1248 917 1291 mihi
960 1249 1089 1303 loqui
1122 1249 1181 1291 de
1223 1262 1278 1291 eo
1316 1249 1393 1291 die
1425 1262 1518 1304 quo
1551 1250 1824 1292 consulibus

177 1323 388 1369 Domitio
419 1327 469 1368 et
492 1325 707 1380 Messala,
734 1326 816 1381 qui
843 1329 1205 1381 praecesserant
1229 1339 1339 1369 eum
1367 1339 1544 1369 annum
1572 1339 1682 1370 cum
1703 1327 1824 1370 haec

97 1414 144 1451 15
179 1394 332 1447 oratio
353 1402 483 1447 dicta
505 1406 588 1458 est,
606 1404 734 1447 inter
755 1404 1119 1446 candidatorum
1141 1405 1353 1460 Hypsaei
1377 1408 1424 1447 et
1445 1405 1632 1447 Milonis
1654 1417 1824 1447 manus

179 1480 231 1524 in
261 1481 344 1525 via
361 1479 509 1525 Sacra
529 1484 794 1537 pugnatum
817 1485 900 1536 est,
924 1482 1158 1537 multique
1181 1495 1242 1525 ex
1262 1482 1451 1524 Milonis
1476 1495 1537 1525 ex
1564 1483 1822 1538 improviso

179 1558 474 1615 ceciderunt.
537 1559 598 1602 de
624 1559 761 1602 cuius
787 1559 883 1602 diei
909 1560 1123 1615 periculo
1156 1572 1240 1602 suo
1267 1563 1319 1602 ut
1344 1563 1508 1615 putem
1535 1560 1664 1615 loqui
1698 1573 1822 1615 eum,

179 1635 296 1679 facit
325 1638 374 1680 et
397 1636 530 1680 locus
555 1649 745 1692 pugnae
765 1662 823 1667 —
846 1650 957 1680 nam
981 1637 1030 1679 in
1056 1637 1203 1680 Sacra
1225 1638 1308 1680 via
1329 1638 1536 1680 traditur
1557 1639 1822 1693 commissa,

179 1713 229 1756 in
260 1726 357 1770 qua
387 1716 459 1757 est
488 1714 638 1770 Regia
668 1740 727 1745 ——
758 1718 806 1757 et
837 1716 962 1770 quod
995 1716 1193 1758 adsidue
1225 1716 1368 1758 simul
1401 1719 1539 1758 erant
1569 1729 1679 1759 cum
1714 1729 1822 1759 can—

94 1803 149 1840 20.
179 1791 354 1842 didatis
384 1792 736 1848 suffragatores,
768 1793 956 1836 Milonis
988 1792 1169 1848 Cicero,
1203 1794 1413 1849 Hypsaei
1447 1793 1652 1837 Clodius.

269 1870 315 1924 (ὅ
345 1870 437 1924 38.)
474 1869 742 1913 Potuitne
783 1869 839 1913 L.
874 1870 1110 1926 Caecili,
1155 1872 1451 1914 iustissimi
1494 1872 1822 1915 fortissimi-

179 1959 286 2003 que
316 1948 616 2003 praetoris,
650 1948 973 2004 obpugnata
1005 1948 1197 1991 domo?

267 2024 320 2068 L.
353 2023 591 2068 Caecilius
622 2025 783 2080 Rufus,
817 2026 876 2068 de
908 2039 1001 2081 quo
1033 2027 1164 2080 dicit,
1187 2028 1393 2080 praetor
1420 2027 1509 2069 fuit
1539 2027 1588 2070 P.
1621 2027 1823 2070 Lentulo

178 2101 431 2158 Spinthere
457 2101 512 2156 Q.
539 2103 729 2146 Metello
754 2103 935 2159 Nepote
961 2116 1091 2159 coss„
1119 2117 1212 2159 quo
1238 2117 1363 2147 anno
1385 2103 1552 2148 Cicero
1580 2106 1825 2148 restitutus

95 2191 144 2228 25
179 2182 263 2224 est.
355 2180 397 2224 is
438 2193 550 2224 cum
583 2181 765 2224 faceret
796 2182 932 2224 ludos
977 2182 1291 2237 Apollinares,
1333 2183 1400 2225 ita
1447 2183 1612 2225 infima
1659 2187 1825 2226 coacta

270 2338 295 2363 l.
313 2334 405 2363 misit
423 2342 481 2363 om.
504 2335 536 2369 C,
559 2335 631 2362 add.
650 2336 815 2362 Hotoman.
871 2343 943 2363 cum
963 2336 1146 2369 Mommsen,
1170 2343 1241 2363 eum
1268 2338 1298 2363 C.
1372 2339 1396 2363 2.
1416 2336 1615 2370 eripiendum
1638 2337 1822 2370 Buecheler,

181 2387 397 2424 diripiendum
421 2390 452 2417 C.
508 2387 636 2429 triganss
654 2389 689 2416 P.
785 2391 811 2417 8.
831 2391 880 2417 est
899 2409 978 2417 .....
998 2396 1055 2424 per
1075 2389 1203 2424 quidem
1225 2391 1255 2418 S.
1312 2397 1363 2417 me
1389 2390 1459 2423 Cic„
1483 2398 1541 2418 om.
1566 2392 1597 2417 (ἰ.
1671 2393 1696 2418 9.
1717 2390 1826 2418 consu·
1852 2425 1854 2427 Ι

181 2441 231 2477 git
249 2442 280 2470 S.
353 2444 396 2470 10.
415 2449 489 2471 eum
509 2442 550 2470 ad
569 2443 605 2477 P,
629 2463 725 2470 ......
745 2443 768 2471 S
768 2463 950 2476 ..........
970 2443 1011 2471 ad
1030 2444 1074 2470 M.
1154 2447 1196 2471 11.
1217 2443 1430 2472 conficeretur
1450 2445 1479 2472 S.
1536 2451 1692 2478 nusquam
1712 2443 1825 2471 inveni

181 2495 305 2529 Baiter,
327 2502 484 2531 nusquam
503 2503 586 2531 pene
606 2496 744 2524 conveni
769 2498 800 2524 C.
883 2499 925 2524 12.
944 2496 1090 2525 addiciat
1108 2498 1137 2524 S.
1230 2499 1271 2524 13.
1292 2497 1404 2525 sciatis
1424 2499 1454 2526 S.
1547 2501 1588 2526 14.
1608 2498 1763 2526 messalla
1782 2499 1826 2526 M.

181 2550 224 2577 16.
244 2547 375 2578 milonis
394 2551 428 2578 et
446 2548 551 2585 hipfiei
571 2551 606 2578 P.
662 2553 704 2578 16.
725 2558 765 2578 ex
784 2550 960 2585 improviso
980 2551 1037 2578 vix
1056 2559 1181 2585 sanum,
1197 2558 1234 2579 co
1254 2551 1287 2578 in
1308 2551 1431 2586 proelio
1451 2552 1579 2579 Rinkes.
1635 2547 1755 2580 uldiei
1777 2553 1821 2585 M,

181 2602 221 2632 de
241 2602 272 2631 ei
293 2603 324 2637 S,
347 2602 426 2632 cede
446 2605 479 2632 et
496 2605 532 2632 P.
605 2606 647 2632 19.
667 2604 801 2632 adsidue
821 2604 918 2632 simul
939 2607 1032 2633 erant
1051 2606 1174 2639 Baiter,
1198 2605 1239 2633 ad
1259 2605 1292 2632 id
1312 2613 1351 2633 ue
1372 2605 1500 2640 (adidue
1522 2607 1573 2641 M)
1595 2606 1770 2634 timuerunt
1795 2607 1824 2634 C.

182 2659 225 2686 2⁰.
244 2655 358 2685 Cicero
380 2657 488 2693 Pm9.²,
511 2657 636 2686 clodius
656 2659 723 2692 SP,
747 2666 772 2686 e.
794 2659 836 2685 M.
928 2661 971 2687 21.
991 2678 1141 2687 .........
1160 2659 1271 2687 Potuit
1291 2667 1330 2687 ne
1352 2660 1416 2687 SP.
1509 2662 1551 2687 22.
1572 2659 1672 2695 fatoris
1692 2680 1824 2688 ........

181 2709 369 2746 obpugnata
388 2711 419 2744 S,
442 2718 487 2746 pr.
507 2711 694 2748 obpugnata
708 2713 742 2740 P.
816 2713 859 2740 28.
879 2711 981 2740 celius
1001 2713 1031 2741 S.
1077 2712 1157 2740 dicit
1176 2713 1495 2747 Kiessliny-Sclzoell,⁴
1514 2713 1632 2741 dieitur
1657 2715 1686 2741 C.
1736 2721 1825 2748 prae-

182 2766 233 2793 tor
251 2764 332 2798 Ala..
355 2772 412 2792 om.
437 2765 467 2792 C.
522 2765 664 2793 lentulus
684 2767 713 2793 S.
787 2768 829 2793 24.
850 2765 1002 2800 pinchere
1023 2767 1098 2794 SM.
1172 2769 1215 2794 25.
1235 2774 1305 2794 cum
1329 2774 1390 2801 quo
1411 2768 1440 2794 S.

230 2909 276 2945 13
301 2907 380 2945 Sed
409 2909 567 2944 videtur
587 2909 682 2945 mihi
707 2910 816 2955 loqui
841 2909 891 2945 de
917 2919 964 2945 eo
1087 2911 1132 2946 23
1159 2914 1318 2956 praetor
1343 2912 1416 2947 fuit
1443 2915 1539 2947 ete:
1566 2922 1599 2946 a.
1628 2912 1691 2947 57:
1726 2910 1822 2947 Cic.

182 2969 246 3005 die
264 2973 358 3005 etc.:
379 2979 414 3004 a.
433 2969 496 3005 53:
522 2968 623 3005 Cic.
641 2970 693 3004 ad
710 2970 788 3004 ΑΝ.
808 2968 860 3004 IV
878 2969 912 3014 3,
930 2970 964 3005 3.
1037 2981 1094 3005 or.
1116 2973 1206 3015 post
1230 2971 1310 3006 red.
1337 2972 1370 3017 9,
1397 2972 1453 3007 2⁶2.

1859 795 1958 831 480

1860 1887 1906 1922 43
1922 1887 1989 1922 KS
