2300 3528
788 218 841 254 IN
868 217 1191 254 PISONIANAM
1566 201 1569 203 ’
1771 215 1816 250 13

802 331 1004 375 PAVLO
1036 330 1186 375 POST
1545 320 1564 347 ’·
1860 330 1902 369 1'1
1927 334 1960 370 C

265 413 310 467 (ξ
343 413 432 466 27.)
465 411 546 454 Ac
578 424 647 454 ne
695 414 815 453 tum
864 410 1104 465 quidem
1153 409 1491 463 emersisti,
1530 408 1819 450 lutulente

150 489 536 544 ⁷Caesonine,
570 502 597 532 e
630 488 1007 531 miserrimis
1049 489 1315 529 naturae
1358 487 1660 540 sordibus,
1694 498 1820 528 cum

175 570 546 625 experrecta
597 567 837 610 tandem
869 566 1080 609 virtus
1132 565 1445 607 celeriter
1491 567 1548 606 et
1599 576 1821 606 verum

31 700 34 703 .
77 646 425 691 -asramicum
463 647 520 688 et
551 645 765 700 optime
804 643 1072 686 meritum
1105 643 1292 686 civem
1336 644 1390 684 et
1430 654 1591 684 suum
1624 641 1821 696 pristi-

176 736 313 768 num
355 735 577 766 morem
620 721 963 776 requisivit.

265 801 482 845 Profecto
515 799 598 843 Cn.
631 799 911 854 Pompeium
938 798 1199 853 significari
1232 797 1523 852 intellegitis.

619 894 732 939 CIR.
766 895 901 937 VER.
928 895 970 937 A
1001 893 1191 938 PRIMO
1223 893 1382 937 DCCC

238 982 314 1036 '(§
345 968 436 1034 35.)
469 980 552 1022 De
585 992 673 1022 me
706 991 834 1022 cum
877 991 1078 1020 omnes
1120 978 1521 1033 magistratus
1562 973 1847 1032 promul?

94 1063 142 1102 10
178 1060 424 1116 gassent
454 1060 686 1113 praeter
723 1069 902 1098 unum
935 1059 1316 1110 praetorem,
1350 1068 1378 1098 a
1411 1068 1522 1110 quo
1555 1068 1670 1097 non
1709 1055 1830 1098 fuit

178 1135 645 1195 postulandum,
680 1135 931 1177 fratrem
965 1133 1214 1176 inimici
1269 1134 1405 1188 mei,
1452 1136 1828 1188 praeterque

178 1214 326 1258 duos
367 1214 439 1256 de
476 1213 695 1268 lapide
738 1214 976 1267 emptos
1008 1212 1297 1265 tribunos,
1339 1212 1539 1266 legem
1582 1211 1830 1254 comitiis

179 1291 564 1336 centuriatis
595 1290 738 1333 tulit
768 1289 823 1332 P.
857 1290 1152 1332 Lentulus
1185 1290 1422 1332 consul.

267 1369 440 1413 Frater
470 1369 552 1412 ille
586 1368 812 1411 inimici
846 1367 984 1422 mei,
1019 1367 1067 1409 id
1101 1370 1172 1410 est
1202 1367 1250 1409 P.
1279 1366 1446 1421 Clodii,
1473 1367 1559 1422 Ap.
1589 1366 1830 1421 Claudius,

97 1461 144 1498 15
179 1447 304 1492 sicut
334 1447 432 1490 iam
458 1459 600 1503 saepe
633 1446 919 1501 significavi,
943 1448 1044 1488 tum
1068 1445 1158 1487 fuit
1179 1447 1384 1500 praetor.
1449 1445 1566 1487 duos
1588 1445 1819 1499 tribunos,

181 1526 241 1570 de
273 1526 447 1582 quibus
477 1525 591 1580 ipsis
623 1537 814 1580 quoque
846 1524 942 1567 iam
976 1524 1200 1578 diximus,
1228 1537 1345 1578 quos
1377 1524 1436 1566 de
1460 1523 1619 1579 lapide
1647 1526 1831 1579 emptos

181 1604 262 1659 ait,
294 1604 409 1660 quia
446 1603 668 1646 mercede
711 1603 760 1645 id
800 1603 1056 1656 faciebant,
1094 1602 1202 1645 Sex.
1241 1602 1441 1644 Atilium
1483 1601 1743 1644 Serranum
1785 1606 1832 1644 et

181 1679 237 1735 Q.
269 1679 553 1743 Numerium
586 1681 838 1734 significat.

810 1751 923 1795 CIR.
957 1751 1205 1794 MEDIVM
1871 1740 1966 1809 188

97 1843 145 1880 20
267 1833 341 1886 (ἐξ
358 1831 533 1886 38‚39.)
552 1830 891 1886 Appellatus
913 1832 994 1872 est
1014 1829 1106 1872 hic
1127 1830 1411 1872 volturius
1434 1830 1590 1872 illius
1611 1830 1832 1885 provin-

182 1904 319 1964 ciae,
346 1909 391 1951 si
424 1909 509 1951 dis
536 1908 743 1963 placet,
767 1908 1096 1962 imperator.
1161 1920 1227 1950 ne
1255 1910 1366 1949 tum
1391 1908 1639 1962 quidem,
1663 1908 1834 1950 Paule

182 1989 387 2041 noster,
411 1987 653 2029 tabellas
675 1998 797 2028 cum
825 1986 1025 2028 laurea
1051 1985 1273 2028 Romam
1301 1986 1528 2028 mittere
1555 1986 1835 2028 audebas?

273 2083 298 2108 1.
316 2087 375 2108 om.
394 2081 437 2108 M.
510 2083 535 2108 2.
557 2081 590 2107 tu
610 2080 640 2107 S.
697 2078 872 2107 emerisisti
894 2080 923 2106 S.
997 2082 1022 2106 3.
1042 2078 1222 2106 Caesonine
1244 2079 1426 2113 Manutius,
1450 2086 1588 2107 caesone
1609 2080 1639 2112 S,
1663 2086 1737 2107 ceso
1757 2080 1836 2106 PM.

202 2142 223 2164 x
248 2134 310 2163 Cic.
364 2135 501 2163 naturae
523 2136 598 2161 tuae
623 2134 685 2162 Cic.
784 2135 811 2161 4.
830 2132 934 2160 virtus
958 2132 1132 2161 clarissimi
1154 2132 1216 2159 viri
1243 2133 1303 2161 Cic.
1403 2135 1428 2161 7.
1448 2133 1644 2168 intellegitis
1664 2133 1833 2166 Lodoicus,

184 2187 346 2224 intellig-is
370 2188 401 2217 C.
474 2190 499 2215 8.
519 2195 577 2215 om.
598 2188 641 2214 M.
661 2186 698 2214 A.
717 2186 798 2214 PRI.
817 2188 853 2214 P.
927 2189 951 2214 9.
971 2194 1082 2214 omnes
1099 2195 1132 2222 p,
1156 2187 1226 2220 Cic„
1251 2187 1355 2214 omnis
1376 2188 1411 2220 P,
1429 2187 1499 2215 finis
1520 2189 1594 2215 SM.
1669 2190 1747 2215 9-10.
1766 2195 1836 2222 pro-

183 2242 365 2278 mulgmet
384 2242 414 2269 S.
489 2243 530 2268 10.
550 2242 733 2275 praetorem
760 2240 830 2273 Cic„
853 2239 962 2274 praeci
984 2240 1014 2273 S,
1032 2242 1132 2274 praet.
1152 2240 1187 2273 P,
1204 2247 1241 2274 pr
1261 2242 1293 2267 et
1312 2241 1355 2268 M.
1409 2240 1446 2267 fit
1460 2241 1489 2268 S.
1564 2243 1606 2268 11.
1625 2243 1835 2275 praeterque-

178 2298 231 2324 ‘14-
241 2295 308 2324 mei
328 2303 386 2323 ωη.
405 2296 436 2324 S.
523 2296 565 2322 15.
583 2293 769 2329 significavi
792 2296 857 2321 tum
878 2294 1062 2326 Mommsen,
1086 2293 1328 2328 significabitur
1353 2295 1382 2322 C.
1438 2296 1568 2328 praetor
1591 2294 1698 2328 Orelli,
1735 2294 1836 2322 frater

186 2349 262 2384 ΒΜ,
297 2347 337 2378 st.
356 2349 391 2376 P.
465 2350 507 2376 16.
526 2355 653 2383 quoque
674 2348 822 2382 Poggius,
846 2346 887 2382 ξξ
907 2348 938 2380 S,
962 2354 1060 2381 queq3
1081 2348 1125 2381 M,
1149 2354 1224 2381 sepe
1245 2348 1278 2374 P.
1361 2349 1402 2375 17.
1424 2348 1495 2375 Sex.
1510 2349 1545 2381 P,
1569 2347 1625 2375 sed
1645 2349 1721 2376 SM.
1768 2348 1835 2375 Ati-

157 2436 160 2439 ,
185 2402 267 2431 lium
286 2402 469 2436 Manutius,
492 2401 651 2430 statilium
678 2402 708 2429 C.
747 2403 779 2428 et
800 2401 837 2433 Q.
856 2401 892 2434 P,
916 2401 986 2434 etq‘’
1006 2402 1050 2434 M,
1075 2408 1113 2439 eq
1135 2399 1194 2436 eod
1214 2402 1243 2428 S.
1333 2403 1374 2428 18.
1393 2400 1584 2429 Numerium
1604 2402 1639 2435 P,
1663 2409 1831 2430 numerum

187 2457 262 2486 SM.
351 2459 395 2484 19.
413 2463 472 2484 om.
485 2456 528 2484 M.
548 2454 671 2483 CIRCA
692 2456 727 2482 P.
820 2457 862 2482 20.
882 2454 1041 2482 volturius
1066 2443 1136 2487 Cic„
1161 2454 1282 2482 veteris
1307 2456 1337 2483 G.
1439 2458 1481 2482 21.
1501 2455 1529 2482 si
1549 2455 1701 2490 displicet
1722 2457 1752 2489 S,
1776 2456 1832 2484 sed

1041 2498 1055 2517 l'

187 2527 348 2564 diupi-eet
366 2528 409 2556 M.
468 2534 510 2555 ne
529 2534 602 2555 eum
623 2527 652 2554 S.
733 2529 775 2554 22.
796 2525 908 2554 lausea
926 2526 961 2559 P,
984 2526 1098 2554 lausea
1118 2527 1147 2554 S.
1168 2526 1296 2554 tabulas
1317 2526 1452 2554 Romam
1473 2535 1544 2554 eum
1566 2527 1679 2556 laurea
1703 2527 1764 2556 Cic.

236 2618 283 2654 13
307 2617 350 2654 P.
376 2617 570 2654 Lentulus
596 2616 753 2652 consul:
779 2627 814 2651 a.
842 2617 898 2652 57.
1045 2617 1245 2653 Serranus
1264 2617 1479 2662 Gaviamcs,
1495 2620 1540 2653 tr.
1556 2618 1605 2663 pl.
1621 2629 1655 2653 a.
1671 2619 1728 2654 57:
1744 2618 1834 2654 Cic.

236 2678 283 2714 14
308 2677 445 2714 Frater
468 2677 534 2713 ille
561 2680 654 2713 etc.:
690 2676 788 2712 Cio.
815 2676 868 2711 ad
892 2676 971 2712 Att.
1042 2688 1120 2722 pro
1146 2677 1239 2713 Sest.
1268 2678 1325 2722 33,
1348 2677 1413 2722 723
1440 2678 1497 2722 34,
1517 2677 1583 2722 743
1609 2679 1666 2723 39,
1685 2679 1751 2723 853
1778 2679 1834 2724 72,

189 2738 243 2774 IV
260 2738 294 2784 1,
311 2739 352 2783 63
369 2737 403 2783 2,
422 2737 555 2783 43pro
568 2737 664 2773 Sest.
682 2737 739 2781 33,
760 2736 973 2782 72334‚74;
1048 2737 1115 2782 943
1147 2737 1199 2772 ad
1225 2737 1302 2771 Att.
1330 2736 1383 2772 IV
1410 2737 1443 2782 2,
1470 2737 1510 2782 43
1544 2737 1589 2772 de
1623 2737 1708 2772 har.
1736 2748 1833 2782 resp.

190 2798 248 2844 40,
265 2798 331 2843 873
350 2807 393 2843 p.
412 2796 499 2832 Mil.
514 2796 570 2842 15,
589 2797 636 2832 39
657 2807 748 2832 cum
764 2797 842 2831 sch.
862 2797 973 2842 Bob.;
1051 2797 1106 2841 15,
1143 2797 1206 2842 323
1238 2798 1330 2842 post
1360 2797 1440 2831 red.
1472 2797 1524 2831 ad
1566 2798 1674 2838 Quir.
1709 2798 1740 2842 5,
1772 2797 1835 2832 12:

184 2868 226 2904 p.
249 2857 328 2893 red.
349 2856 402 2892 ad
422 2856 462 2898 Q.
481 2856 515 2901 5,
537 2856 602 2901 123
627 2855 715 2891 Dio
742 2855 914 2891 XXXIX
939 2856 973 2901 6,
1048 2857 1126 2891 sch.
1154 2856 1245 2891 Bob.
1267 2867 1344 2901 pro
1365 2857 1451 2890 Mil.
1470 2857 1527 2892 39.
1559 2857 1598 2898 Q.
1617 2855 1835 2891 Numerius

190 2919 232 2963 33
260 2918 293 2963 7,
321 2916 354 2951 2.
1050 2915 1188 2960 Rufus
1210 2916 1422 2961 Gracchus,
1445 2923 1489 2951 tr.
1508 2917 1557 2962 pl.
1586 2928 1620 2951 a.
1646 2918 1708 2953 57:
1735 2916 1833 2952 Cic.

239 2977 285 3014 15
302 2976 401 3012 duos
419 2976 597 3012 tribunos
611 2979 705 3013 etc.:
727 2976 814 3012 Sex.
829 2975 974 3013 Atilius
1044 2987 1121 3024 pro
1139 2975 1231 3012 Sosi.
1247 2976 1303 3022 33,
1326 2975 1371 3011 72
1383 2986 1473 3012 cum
1486 2977 1564 3012 sch.
1581 2976 1685 3022 Bob.;
1704 2976 1762 3023 72,
1777 2976 1834 3013 94.
