2300 3528
15 1023 117 1068 '10

757 229 811 266 IN
839 222 1176 265 MILONIANAM
1743 227 1787 262 41

16 310 33 401 Ξ-
100 375 106 381 ,
149 319 360 371 ferendis
381 327 596 370 rettulit:
631 327 749 369 duas
780 339 842 369 ex
873 326 916 369 S.
951 325 1000 369 O.
1034 326 1371 381 promulgavit,
1400 326 1602 368 alteram
1635 325 1694 367 de
1726 325 1791 378 vi,

149 395 557 460 quafnominatim
591 404 789 446 caedem
823 404 872 446 in
909 404 1064 458 Appia
1105 404 1186 446 via
1228 403 1403 445 factam
1437 406 1484 445 et
1515 402 1793 445 incendium·

149 482 314 526 euriae
344 484 394 524 et
423 482 617 524 domum
649 482 708 524 M.
741 482 910 537 Lepidi
938 481 1194 536 interregis
1226 483 1547 536 oppugnatam
1581 492 1793 535 compre-

148 558 337 613 hendit,
362 558 564 601 alteram
597 559 656 601 de
689 559 887 613 ambitu,
921 559 1185 613 statuitque
1217 571 1418 613 poenam
1447 558 1720 612 graviorem
1748 560 1796 599 et

150 637 351 681 formam
375 637 664 680 iudiciorum
682 638 970 680 breviorem.
1022 640 1238 691 ¹utraque
1256 637 1384 678 enim
1403 636 1483 678 lex
1500 636 1633 690 prius
1654 638 1796 677 testes

150 714 270 769 dari,
302 705 476 757 deinde
510 726 603 756 uno
635 714 712 756 die
746 717 888 768 atque
916 714 1083 756 eodem
1111 716 1159 755 et
1181 714 1240 755 ab
1263 715 1541 755 accusatore
1574 715 1622 754 et
1654 725 1682 753 a
1714 724 1795 754 reo

150 782 366 848 perorari
398 792 607 846 iubebat,
641 791 708 833 ita
741 794 792 833 ut
824 792 947 833 duae
980 792 1125 833 horae
1159 791 1438 844 accusatori,
1473 793 1570 832 tres
1602 802 1683 831 reo
1717 789 1795 830 da⁴

152 872 332 913 rentur.
394 870 469 913 his
499 869 686 924 legibus
712 870 942 911 obsistere
966 869 1023 911 M.
1048 868 1238 912 Caelius
1260 872 1316 911 tr.
1340 869 1402 924 pl.
1427 868 1797 910 studiosissimus

151 947 340 991 Milonis
370 950 568 990 conatus
599 950 682 1002 est,
715 948 841 1002 quod
869 950 916 989 et
942 948 1251 1002 privilegium
1280 948 1463 989 diceret
1488 947 1538 988 in
1571 946 1795 988 Milonem

152 1025 270 1069 ferri
285 1027 336 1068 et
355 1025 535 1068 iudicia
551 1025 873 1080 praecipitari.
938 1027 985 1066 et
1006 1037 1114 1066 cum
1139 1024 1437 1079 pertinacius
1455 1024 1586 1078 leges
1608 1022 1797 1066 Caelius

153 1102 464 1158 vituperaret,
497 1115 553 1145 eo
575 1102 805 1157 processit
827 1103 928 1144 irae
955 1102 1208 1157 Pompeius
1231 1104 1282 1143 ut
1304 1102 1500 1156 diceret,
1534 1102 1572 1144 si
1606 1103 1798 1143 coactus

153 1182 288 1235 esset,
321 1192 371 1223 se
409 1181 556 1223 armis
594 1169 696 1223 rem
737 1180 981 1235 publicam
1016 1180 1339 1222 defensurum.
1404 1180 1605 1221 timebat
1637 1181 1797 1221 autem

151 1246 406 1314 Pompeius
436 1258 663 1301 Milonem
691 1270 778 1300 seu
812 1258 983 1300 timere
1016 1271 1064 1300 se
1093 1259 1370 1312 simulabat3
1397 1259 1682 1312 plerumque
1704 1270 1798 1299 non

113 1340 116 1342 ’
153 1335 282 1379 domi
313 1348 441 1391 suae,
475 1335 558 1379 sed
590 1335 640 1378 in
673 1336 822 1379 hortis
860 1337 1098 1390 manebat,
1141 1336 1284 1390 idque
1318 1336 1473 1390 ipsum
1507 1336 1556 1378 in
1589 1335 1798 1390 superio-

69 1422 118 1459 15

153 1403 300 1470 ribus,
331 1414 464 1458 circa
495 1427 613 1470 quos
655 1415 800 1457 etiam
844 1427 1020 1469 magna
1062 1427 1232 1456 manus
1274 1415 1480 1456 militum
1514 1413 1798 1456 excubabat.

152 1480 371 1536 senatum
413 1505 601 1548 quoque
642 1493 790 1535 semel
833 1497 1030 1547 repente
1073 1493 1322 1535 dimiserat
1361 1493 1627 1548 Pompeius,
1674 1492 1799 1547 quod

154 1571 339 1614 diceret
377 1571 550 1614 timere
592 1584 642 1614 se
675 1572 938 1613 adventum
970 1571 1170 1613 Milonis.
1235 1571 1347 1613 dein
1379 1571 1598 1626 proximo
1631 1573 1799 1613 senatu

153 1649 205 1692 L.
229 1647 510 1692 Cornificius
533 1649 714 1692 ferrum
737 1649 962 1691 Milonem
986 1649 1113 1691 intra
1132 1649 1345 1691 tunicam
1364 1649 1542 1692 habere
1565 1649 1625 1691 ad
1645 1649 1802 1691 femur

154 1726 404 1782 alligatum
427 1727 636 1781 dixerat;
669 1728 997 1782 postulaverat
1020 1730 1071 1768 ut
1097 1709 1255 1769 femur
1281 1727 1499 1781 nudaret,
1524 1730 1572 1769 et
1593 1727 1675 1769 ille
1698 1727 1800 1780 sin-e

153 1815 290 1848 mora
321 1805 534 1848 tunicam
567 1805 777 1848 levarat:
822 1808 922 1847 tum
956 1805 1013 1847 M.
1049 1805 1215 1848 Cicero
1249 1805 1611 1848 exclamaverat
1641 1805 1802 1846 omnia

117 1923 120 1926 .
154 1883 227 1926 illi
249 1883 426 1926 similia
447 1883 653 1926 crimina
675 1896 776 1926 esse
799 1896 921 1938 quae
944 1884 993 1925 in
1016 1883 1240 1925 Milonem
1264 1883 1541 1925 dicerentur
1572 1883 1680 1925 alia.

226 1947 426 2029 -D‘einde
451 1961 499 2004 T.
517 1960 757 2004 Munatius
773 1961 977 2004 Plancus
995 1965 1051 2003 tr.
1070 1962 1131 2016 pl.
1151 1961 1445 2016 produxerat
1461 1962 1508 2003 in
1531 1961 1800 2003 contionem

154 2038 214 2083 M.
240 2038 501 2083 Aemilium
527 2039 870 2092 Philemonem,
898 2042 1061 2081 notum
1090 2039 1346 2093 hominem,
1374 2039 1600 2081 libertum
1629 2039 1687 2081 M.
1716 2039 1800 2081 Le-

155 2116 270 2182 pidi.
332 2117 374 2160 is
395 2129 445 2160 se
463 2117 655 2160 dicebat
675 2117 950 2173 pariterque
970 2130 1132 2160 secum
1150 2120 1376 2172 quattuor
1391 2118 1568 2159 liberos
1585 2116 1802 2159 hemines

245 2237 271 2263 2.
289 2234 419 2270 appiam
447 2235 535 2263 viam
565 2236 638 2263 SM.
747 2237 773 2263 4.
793 2235 969 2269 statuitque
999 2243 1063 2270 eyo,
1096 2243 1153 2263 om.
1179 2236 1208 2264 C.
1317 2238 1342 2263 6.
1363 2235 1433 2263 dari
1455 2236 1636 2268 Manutius,
1670 2235 1747 2262 dare
1772 2236 1802 2263 C.

125 2308 128 2309 γ
157 2286 198 2316 ιδ
217 2295 272 2317 reo
290 2289 326 2316 P.
398 2291 423 2317 8.
443 2289 597 2317 assistere
618 2290 647 2316 S.
721 2291 746 2316 9.
765 2289 991 2323 pervulgatum
1014 2291 1043 2317 S.
1130 2292 1171 2317 10.
1190 2290 1282 2324 leges
1302 2290 1616 2324 messum-Semela,
1639 2289 1747 2324 legem
1773 2290 1803 2317 C.

151 2343 203 2372 -12
220 2343 320 2372 nmis
340 2350 374 2372 se
393 2344 474 2372 PM.
584 2346 626 2370 14.
646 2343 679 2370 in
699 2343 779 2371 ortis
798 2344 834 2377 P,
867 2344 980 2371 mortis
1000 2345 1042 2371 M.
1108 2344 1204 2378 idque
1234 2344 1336 2379 ipsum
1356 2353 1388 2380 p,
1422 2344 1517 2378 idque
1547 2344 1615 2378 ipse
1645 2344 1748 2378 ipsum
1773 2344 1803 2371 C.

151 2397 202 2426 ‚1⁸.
220 2403 342 2432 magua
358 2404 473 2425 manus
493 2397 674 2430 Manutius,
697 2397 925 2431 magnanimus
947 2398 977 2425 C.
1033 2397 1168 2425 multum
1190 2398 1256 2426 SP.
1330 2401 1372 2425 16.
1394 2399 1524 2432 repente
1545 2397 1714 2425 dimiserat
1728 2397 1804 2424 Bai-

159 2453 218 2484 ter,
239 2450 434 2486 reputandus
453 2453 524 2479 erat
548 2452 578 2479 C.
670 2453 712 2478 17.
732 2449 827 2491 dein-31
847 2451 882 2478 P.
938 2453 1068 2488 senatus
1087 2452 1117 2479 S.
1212 2454 1253 2479 18.
1274 2451 1308 2479 L.
1329 2459 1392 2486 eqo,
1416 2452 1451 2479 P.
1476 2453 1505 2480 C.
1605 2453 1647 2478 19.
1667 2451 1804 2479 nudaret

158 2503 340 2538 Manutius.
362 2493 488 2532 videret
513 2506 542 2532 C.
617 2507 659 2532 20.
679 2504 808 2531 lavarat
828 2505 871 2537 Sl,
903 2504 1030 2532 laverat
1050 2506 1093 2532 M.
1158 2505 1359 2533 exclamarat
1388 2507 1418 2533 S.
1528 2508 1570 2532 21.
1598 2504 1698 2532 simili
1729 2506 1803 2532 SM.

158 2564 241 2592 quae
261 2557 294 2585 in
314 2557 350 2592 P,
372 2556 432 2592 (11ιέ
445 2559 519 2586 SM.
577 2558 761 2586 dicerentur
775 2557 850 2586 alia.
870 2559 1051 2592 Manutius,
1075 2559 1245 2587 (liceretur.
1266 2559 1342 2587 Alia
1356 2561 1431 2593 SM
1455 2559 1648 2587 dicerentur.
1681 2558 1758 2586 Alia
1770 2560 1804 2586 P.

159 2613 202 2640 22.
221 2610 258 2639 '1⁸.
277 2610 591 2646 mentina-Schoell,
615 2620 672 2639 om.
697 2614 727 2640 C.
801 2614 843 2639 24.
863 2611 891 2639 is
910 2613 1092 2646 Manutius,
1114 2621 1171 2641 om.
1196 2615 1226 2640 ζ’.
1283 2621 1390 2641 secum
1408 2622 1441 2648 p,
1465 2615 1577 2640 secuta
1601 2613 1630 2640 C.

207 2714 227 2748 1
255 2713 419 2749 alteram
445 2713 494 2749 de
526 2715 566 2749 vi
599 2718 697 2750 etc.:
734 2714 812 2749 sch.
852 2714 943 2749 Bob.
1067 2716 1110 2750 17
1137 2715 1228 2751 dein
1254 2716 1433 2761 proximo
1456 2719 1597 2751 senatu
1620 2718 1714 2760 ete:
1736 2715 1803 2750 cfr.

159 2773 248 2808 Mu.
273 2783 355 2819 ary.
928 2766 929 2769 ’
1018 2774 1117 2811 cic.
1138 2786 1216 2821 pro
1242 2776 1329 2811 Mn.
1357 2776 1414 2821 24,
1440 2776 1496 2811 66.

209 2832 231 2868 5
255 2836 425 2878 utraque
464 2835 566 2868 enim
605 2834 671 2869 lex
712 2838 806 2869 oto:
845 2832 943 2869 Cic.
1066 2835 1111 2870 22
1137 2835 1181 2870 T.
1205 2835 1405 2871 Munatius
1424 2836 1594 2871 Plancus
1617 2839 1709 2870 ete:
1726 2835 1803 2870 sch.

159 2893 279 2928 Brut.
306 2892 363 2929 94.
388 2893 475 2938 3233
501 2893 592 2929 Dio
619 2894 690 2929 XL
717 2894 772 2939 52,
799 2895 831 2930 2.
1018 2895 1110 2930 Bob.
1138 2895 1223 2929 Mil.
1252 2895 1307 2930 12.

209 2952 232 2988 9
259 2953 530 3000 privilegium:
557 2954 624 2990 cfr.
653 2953 753 2990 Cic.
780 2953 826 2989 de
851 2955 942 3000 leyy.
1065 2953 1111 2988 ‘23
1138 2953 1188 2988 M.
1204 2954 1415 2989 Aemilium
1430 2954 1803 2989 Philemonem:cfr.

159 3010 220 3047 111
245 3012 302 3058 19,
329 3011 385 3047 44.
1019 3013 1120 3048 Cic.
1146 3013 1199 3048 acl
1223 3013 1323 3057 fam.
1350 3013 1423 3048 VII
1452 3015 1506 3058 18,
1533 3015 1565 3049 3.

308 3103 339 3133 Q.
360 3102 492 3129 Asconii
513 3102 648 3129 Pediam'
672 3105 783 3130 Comm.
1639 3093 1660 3126 6

1836 1109 1891 1146 32.
1899 1109 1968 1144 KS

1839 1662 1932 1697 3813

1839 1975 1884 2010 37
1907 1974 1938 2009 C
