2300 3528
489 269 534 304 92
1008 282 1010 284 >
1064 309 1069 317 ,A
1177 269 1426 307 AscoN1vs

492 368 590 405 tum
624 365 1022 419 adulescentulus,
1044 366 1104 407 de
1136 377 1228 419 quo
1260 365 1401 419 paulo
1433 368 1542 407 ante
1575 365 1863 408 mentionem
1897 364 2120 417 fecimus3

491 444 537 482 et
568 453 678 483 cum
724 442 952 484 Lucullus
992 442 1040 484 id
1079 442 1203 496 quod
1252 441 1422 484 Graeci
1469 443 1771 496 postulabant
1815 441 2120 492 decrevisset,

489 518 751 572 appellavit
782 519 996 561 tribunos
1026 519 1258 561 Antonius
1289 519 1561 573 iuravitque
1584 531 1633 561 se
1655 519 1761 562 ideo
1787 519 1974 562 eiurare
1995 517 2122 572 quod

490 606 641 648 aequo
672 595 777 637 iure
812 596 877 638 uti
911 608 1005 638 non
1036 598 1203 650 posset.
1266 595 1395 638 hunc
1425 595 1684 638 Antonium
1718 595 1899 638 Gellius
1924 597 1972 638 et
2001 594 2120 638 Isen-

366 681 456 715 668
490 672 616 713 tulus
647 684 866 715 censores
897 673 1124 716 sexennio
1147 685 1289 726 quam
1323 673 1442 715 haec
1473 673 1748 716 dicerentur
1773 675 1940 715 senatu
1962 682 2120 717 move-
2158 682 2182 717 5

490 751 602 790 runt
633 749 900 803 tabulisque
938 750 1333 803 subscripserunt,
1366 750 1491 804 quod
1523 750 1672 792 socios
1703 749 1969 804 diripuerit,
1995 748 2121 803 quod

489 825 719 867 iudicium
754 826 999 880 recusarit,
1027 826 1152 880 quod
1184 828 1378 880 propter
1408 826 1534 868 aeris
1564 826 1709 868 alieni
1742 825 2132 880 magnitudinem

476 903 686 956 praedia
718 903 1004 957 manciparit
1036 903 1253 956 bonaque
1285 915 1371 945 sua
1402 903 1451 945 in
1483 905 1712 957 potestate
1744 915 1837 944 non
1869 902 2056 944 habeat.

327 989 455 1023 simo
577 978 691 1022 Nec
738 982 1009 1021 senatum
1058 980 1356 1034 respexit,
1400 992 1527 1022 cum
1575 979 1977 1034 gravissimis
2022 990 2120 1022 ve-

488 1056 637 1097 stris
668 1056 945 1098 decretis
976 1056 1194 1098 absens
1226 1058 1473 1098 notatus
1505 1059 1615 1098 est.
2157 1047 2203 1084 ¹0

576 1132 781 1175 Catilina
812 1146 874 1175 ex
899 1135 1125 1188 praetura
1150 1133 1448 1187 provinciam
1475 1133 1687 1175 Africam
1715 1133 1943 1176 obtinuit:
1974 1143 2119 1187 quam

488 1222 596 1251 cum
631 1211 846 1263 graviter
886 1213 1120 1263 vexasset,
1155 1210 1300 1264 legati
1332 1210 1435 1252 Afri
1479 1211 1527 1252 in
1560 1212 1727 1252 senatu
1770 1210 1864 1252 iam
1907 1211 2006 1252 tum
2039 1208 2119 1253 ab·

328 1295 454 1330 wJsS
487 1274 619 1329 sente
651 1288 732 1329 illo
766 1288 918 1342 questi
950 1291 1072 1342 sunt,
1106 1287 1378 1341 multaeque
1410 1299 1583 1342 graves
1614 1287 1876 1330 sententiae
1903 1287 1963 1330 de
1988 1298 2044 1328 eo
2069 1286 2120 1329 in

487 1367 654 1406 senatu
687 1365 842 1406 dictae
874 1368 995 1407 sunt.

577 1441 639 1483 In
673 1441 938 1484 iudiciis
969 1445 1206 1496 quanta
1238 1442 1331 1485 vis
1373 1444 1539 1484 esset
1580 1441 1814 1484 didicit
1854 1453 1985 1483 cum
2029 1442 2121 1483 est
2155 1426 2207 1486 16

488 1518 831 1560 absolutus:
875 1519 919 1560 si
966 1522 1067 1560 aut
1109 1519 1262 1561 illud
1306 1518 1611 1560 iudicium
1655 1521 1759 1560 aut
1799 1517 1913 1560 illa
1953 1517 2119 1563 abso.-

486 1596 646 1637 lutio
679 1596 1050 1638 nominanda
1081 1598 1192 1638 est.

573 1672 696 1715 Ante
729 1684 907 1714 annum
941 1685 1085 1726 quam
1107 1659 1228 1715 haec
1249 1673 1525 1715 dicerentur
1546 1671 1765 1726 Catilina,
1789 1683 1898 1714 cum
1921 1670 2120 1714 redisset

486 1761 546 1790 ex
578 1749 742 1791 Africa
773 1749 1009 1803 Torquato
1042 1752 1089 1791 et
1120 1748 1255 1791 Cotta
1292 1761 1421 1803 coss„
1455 1751 1704 1791 accusatus
1735 1750 1806 1790 est
1836 1747 2118 1802 repetunda-

486 1838 590 1868 rum
610 1839 638 1867 a
655 1826 702 1868 P.
722 1825 884 1868 Clodio
902 1827 1222 1880 adulescente,
1241 1827 1322 1880 qui
1340 1829 1502 1880 postea
1519 1826 1742 1867 inimicus
1758 1824 2001 1868 Ciceronis
2015 1824 2117 1866 fuit.
2154 1833 2202 1868 20

485 1903 706 1945 defensus
748 1907 819 1945 est
858 1902 1076 1957 Catilina,
1125 1906 1176 1945 ut
1215 1903 1483 1945 Fenestella
1527 1903 1684 1956 tradit,
1718 1914 1746 1944 a
1781 1901 1839 1944 M.
1874 1900 2116 1944 Cicerone.

574 2047 598 2069 1.
618 2051 689 2070 cum
711 2044 739 2070 S.
824 2046 847 2070 2.
868 2050 938 2070 cum
957 2051 989 2078 p,
1013 2042 1095 2076 quod
1121 2043 1151 2076 0,
1175 2049 1268 2076 quom
1291 2043 1387 2076 Pmffl.
1473 2045 1498 2069 3.
1517 2041 1588 2069 ideo
1609 2049 1666 2069 om.
1686 2042 1728 2068 M.
1783 2041 1909 2068 eiurare
1928 2040 2051 2074 Baiter,
2072 2039 2119 2068 iu-

486 2104 556 2124 rare
581 2100 611 2124 (J.
696 2100 721 2124 4.
741 2103 842 2130 aequo
863 2097 932 2123 iure
953 2097 1119 2129 Lodoicus‚
1143 2103 1225 2129 equa
1245 2096 1277 2122 in
1299 2103 1332 2122 re
1358 2098 1387 2123 C.
1443 2095 1548 2128 gellus
1569 2096 1612 2122 M.
1696 2097 1720 2122 5.
1741 2101 1802 2128 quo
1822 2095 1900 2121 PM.
1984 2096 2010 2121 (ἰ.
2030 2092 2136 2120 tabu--

485 2150 588 2184 lisque
612 2150 831 2182 Luterbacher,
863 2149 1043 2183 eamusque
1065 2150 1094 2179 S.
1128 2155 1305 2182 causasque
1326 2149 1404 2175 PM.
1459 2147 1557 2175 sociis
1577 2149 1605 2174 S.
1713 2149 1739 2174 ’1.
1759 2146 1916 2174 reeusarit
1935 2146 2115 2179 Manutius,

486 2203 647 2230 recusavit
671 2204 701 2230 C.
774 2206 798 2229 8.
822 2202 1015 2236 manciparit
1036 2202 1215 2234 Manutius,
1239 2201 1437 2235 mancipavit
1462 2201 1491 2228 C.
1547 2207 1608 2227 non
1630 2208 1686 2227 om.
1707 2202 1748 2227 S1.
1802 2199 1921 2227 habeat
1939 2198 2117 2233 Kiessliny-

485 2257 613 2289 Schoell,
638 2255 670 2283 lii
691 2257 765 2288 SM,
788 2254 884 2283 habet
902 2256 935 2283 P.
1044 2257 1068 2282 9.
1090 2262 1148 2282 nec
1168 2255 1339 2287 Patricius,
1369 2261 1408 2281 ne
1433 2255 1462 2281 C.
1518 2255 1664 2281 senatum
1684 2253 1786 2286 Halm,
1809 2252 1837 2280 si
1857 2253 1922 2280 iam
1942 2254 2008 2280 tum
2029 2253 2059 2285 S,
2082 2259 2117 2279 se

486 2327 548 2357 iam
564 2300 625 2364 talin
642 2328 675 2360 P,
699 2334 733 2354 se
749 2327 811 2354 iam
827 2328 891 2353 tam
906 2327 948 2353 M.
1003 2325 1145 2360 respexit
1164 2325 1311 2359 Poyyius,
1336 2324 1482 2359 despexit
1501 2326 1531 2351 (J.
1604 2327 1646 2351 11.
1666 2323 1800 2351 africam
1820 2322 2019 2358 provinciam
2039 2323 2118 2350 PM.

485 2383 579 2408 13-14.
600 2381 632 2407 in
653 2382 766 2407 senatu
781 2379 819 2407 de
835 2387 871 2407 eo
892 2380 962 2406 PM.
1043 2382 1086 2406 20.
1106 2378 1247 2406 ciceroni
1268 2379 1301 2405 P.
1375 2381 1416 2405 21.
1438 2378 1557 2405 tradita
1578 2378 1619 2404 M.
1662 2378 1699 2404 In
1719 2385 1776 2411 my.
1796 2377 1825 2403 P
1840 2384 1898 2403 scr.
1918 2384 1956 2403 m.
1975 2383 2050 2403 seez:
2078 2375 2118 2404 N.

483 2451 594 2479 Cicero
615 2451 647 2478 iu
668 2423 728 2484 3115·
748 2451 787 2478 ad
807 2449 909 2477 atticfi
928 2449 1001 2485 cfvla
1021 2449 1133 2477 scribit
1155 2449 1192 2476 (lc
1213 2449 1352 2476 Catiline
1374 2448 1561 2476 defensioue
1582 2447 1644 2482 qua—
1664 2448 1771 2476 facere
1791 2447 1966 2481 cogitabat.

531 2577 553 2611 3
578 2576 801 2620 iuravitque
820 2585 862 2609 sc
879 2574 967 2609 idco
990 2575 1141 2609 eiurare
1171 2577 1263 2608 cte:
1385 2573 1501 2608 11—12
1527 2583 1646 2617 quam
1668 2583 1757 2607 cum
1784 2572 1960 2617 graviter
1975 2581 2115 2606 vexas-

486 2639 527 2677 Q.
554 2635 656 2670 Cic.
675 2637 753 2679 pet.
779 2644 880 2669 cons.
907 2634 940 2677 2,
966 2634 999 2668 8.
1336 2636 1413 2666 set:
1441 2632 1481 2673 Q.
1509 2630 1603 2666 Cic.
1623 2633 1699 2676 pet.
1725 2641 1827 2666 cons.
1855 2631 1910 2666 10.

531 2695 600 2730 5-ss
627 2697 767 2728 senatu
800 2696 1028 2728 moverunt:
1063 2703 1097 2727 a.
1125 2693 1190 2727 70:
1222 2691 1264 2732 Q.
1385 2692 1429 2725 19
1453 2690 1651 2735 Torquato
1671 2694 1709 2724 et
1727 2689 1841 2725 Cotta
1862 2699 1977 2725 coss:
2003 2699 2036 2724 a.
2058 2689 2115 2725 65.

485 2754 588 2789 Cic,
611 2754 686 2797 pet.
713 2762 815 2786 cons.
841 2752 874 2796 2,
900 2752 932 2785 8.
1337 2749 1462 2784 Aliter
1486 2748 1605 2784 Sall.
1635 2748 1715 2783 Cat.
1744 2749 1799 2783 18.

530 2814 553 2848 8
577 2813 760 2856 bonaque
795 2821 867 2845 sua
891 2811 931 2844 in
958 2812 1153 2855 potestate
1186 2819 1272 2853 non,
1383 2807 1430 2853 20
1456 2818 1479 2842 a
1504 2807 1546 2841 P.
1572 2806 1706 2842 Clodio
1734 2807 2008 2842 adulescente:
2047 2805 2114 2840 cfr.

485 2872 646 2906 habeat:
674 2871 714 2911 Q.
742 2869 841 2905 Cic.
862 2872 938 2914 pet.
965 2879 1066 2904 cons.
1093 2869 1126 2912 2,
1153 2868 1185 2902 8.
1337 2866 1439 2902 Cic.
1473 2866 1519 2901 de
1550 2866 1634 2900 har.
1661 2876 1758 2910 resp.
1784 2866 1841 2910 20,
1868 2865 1930 2910 423
1967 2867 2010 2900 in
2035 2865 2114 2900 Pis.

532 2931 572 2964 11
602 2929 843 2974 provinciam
870 2928 1042 2962 Africam
1074 2927 1265 2961 obtinuit:
1340 2926 1394 2969 10,
1421 2926 1477 2960 23.

485 3000 518 3024 a.
545 2990 600 3025 67.
1385 2985 1428 3019 21
1456 2984 1640 3019 defensus
1667 2987 1724 3018 est
1745 2983 1912 3019 Catilina
1937 2986 2010 3018 etc.
2037 2981 2113 3018 Cfiu
