2300 3528
312 474 409 509 100

314 721 407 757 178

489 227 533 260 12
1172 225 1419 261 ASCONIVS

574 323 624 363 L.
657 322 871 365 Lamiam
899 335 926 363 a
952 321 1152 364 Gabinio
1184 323 1375 364 consule
1408 322 1561 365 edicto
1587 323 1850 377 relegatum
1883 334 1983 365 esse
2014 322 2111 365 iam

488 400 707 441 diximus.

915 468 1026 513 CIR.
1060 470 1193 512 VER.
1226 470 1267 512 A
1298 469 1486 513 PRIMO
1517 469 1690 513 DCXX

502 577 510 586 ·
578 566 621 617 (ξ
654 565 742 617 24.)
777 563 1054 618 Seplasia
1090 554 1464 618 mehercule,
1497 566 1552 606 te
1585 567 1646 606 ut
1676 565 1924 620 primum
1957 577 2112 620 aspe-

490 641 593 694 xit,
637 640 994 695 Campanum
1042 642 1344 683 consulem
1390 636 1749 695 repudiavit.
2112 688 2115 689 ⁷

578 718 769 759 Dictum
798 720 868 759 est
898 718 946 758 in
980 718 1267 760 dissuasione
1312 718 1430 772 legis
1466 718 1684 772 agrariae
1716 719 1840 773 apud
1872 718 2112 774 populum,

490 795 696 849 plateam
715 807 814 836 esse
836 793 1024 848 Capuae
1046 807 1168 848 quae
1190 794 1401 849 Seplasia
1417 796 1696 849 appellatur,
1720 795 1770 837 in
1786 808 1881 850 qua
1902 807 2114 850 unguen-

491 872 599 913 tarii
632 871 865 925 negotiari
898 872 992 913 sint
1026 853 1162 913 soliti.
1226 884 1338 926 ergo
1371 884 1449 914 eos
1470 884 1670 926 quoque,
1693 872 1774 926 qui
1807 872 1856 914 in
1878 884 1936 914 ea
1956 872 2116 927 platea

492 949 860 1003 negotiarentur,
899 948 1015 990 dicit
1057 949 1231 991 invitos
1271 949 1487 991 Pisonem
1532 949 1719 1003 vidisse,
1753 961 1862 991 cum
1904 948 2116 1005 Capuam

491 1026 654 1067 consul
675 1025 821 1078 venit,
840 1025 965 1079 quod
982 1037 1072 1078 eos,
1092 1037 1120 1066 a
1142 1025 1313 1079 quibus
1338 1026 1436 1079 ipse
1460 1026 1685 1079 expulsus
1706 1028 1822 1080 erat,
1841 1025 2115 1069 adiuvisset.

920 1118 1031 1161 CIR.
1066 1119 1199 1161 VER.
1233 1119 1273 1161 A
1304 1119 1491 1162 PRIMO
1523 1119 1688 1162 DCXL

582 1209 624 1260 (ξ
657 1208 746 1260 26.)
789 1208 1023 1262 thuod
1066 1208 1127 1250 in
1171 1209 1283 1250 hac
1328 1209 1466 1250 urbe
1504 1209 1683 1251 maius
1725 1221 1981 1263 umquam
2027 1209 2117 1252 in-

492 1285 768 1326 cendium
802 1285 938 1338 fuit,
975 1285 1067 1327 cui
1106 1298 1219 1327 non
1252 1286 1463 1327 consul
1505 1285 1906 1328 subvenerit?
1966 1288 2025 1329 at
2056 1287 2117 1328 tu

492 1362 605 1403 illo
637 1362 761 1416 ipso
794 1365 1046 1416 tempore
1089 1363 1231 1417 apud
1260 1361 1478 1404 socrum
1512 1365 1678 1415 tuam,
1711 1363 1872 1405 cuius
1903 1363 2118 1405 domum

492 1439 565 1482 ad
624 1452 807 1481 meam
855 1440 1342 1482 exhauriendam
1389 1440 1797 1494 patefeceras,
1839 1440 2118 1483 sedebas.

581 1517 688 1558 Post
718 1517 1057 1570 profectionem
1084 1529 1145 1559 ex
1171 1517 1288 1558 urbe
1315 1516 1567 1571 Ciceronis,
1591 1518 1714 1559 bona
1737 1517 1838 1559 eius
1858 1517 1906 1559 P.
1930 1515 2120 1560 Clodius

494 1594 782 1648 publicavit3
814 1596 1061 1647 postquam
1095 1594 1280 1648 direpta
1311 1596 1420 1636 sunt
1452 1594 1623 1648 omnia,
1656 1606 1778 1648 quae
1804 1596 1886 1636 aut
1911 1593 1961 1636 in
1982 1594 2120 1637 domo

442 1726 445 1729 s
495 1673 577 1712 aut
607 1670 656 1711 in
688 1670 817 1712 villis
849 1670 1055 1724 fuerunt,
1089 1673 1136 1712 et
1167 1682 1227 1712 ex
1254 1670 1321 1712 eis
1346 1671 1404 1712 ad
1438 1671 1561 1725 ipsos
1592 1683 1705 1712 coss.
1733 1671 1830 1713 lata
1861 1671 2118 1726 complura,

320 1837 363 1870 10
383 1836 450 1871 KS

344 1885 385 1917 11
411 1884 446 1917 B

495 1747 661 1789 domus
702 1747 889 1801 direpta
930 1748 1153 1801 primum,
1197 1747 1368 1789 deinde
1411 1748 1704 1790 inflammata
1745 1759 1802 1790 ac
1843 1747 2002 1790 diruta
2036 1749 2118 1790 est.

494 1837 655 1866 socrus
676 1824 856 1866 Pisonis
888 1837 1009 1878 quae
1032 1825 1175 1866 fuerit
1200 1825 1419 1867 invenire
1445 1837 1538 1866 non
1570 1825 1714 1879 potui,
1740 1825 1966 1868 videlicet
1995 1825 2120 1880 quod

495 1904 711 1944 auctores
743 1914 902 1943 rerum
935 1914 1028 1943 non
1060 1902 1258 1956 perinde
1290 1902 1339 1943 in
1371 1902 1588 1944 domibus
1619 1914 1676 1944 ac
1701 1902 1894 1945 familiis
1923 1903 2120 1946 femina-

496 1990 615 2032 rum,
649 1978 739 2020 nisi
771 1978 1040 2031 illustrium,
1073 1990 1130 2020 ac
1156 1979 1369 2020 virorum
1402 1979 1594 2020 nomina
1625 1979 1936 2021 tradiderunt.

2153 1031 2199 1067 10

2156 1451 2202 1487 15

2156 1842 2203 1878 20

586 2085 608 2109 1.
628 2082 662 2110 L.
683 2082 828 2110 Lamiam
846 2091 877 2117 p,
902 2084 921 2109 t.
942 2082 1092 2109 clamiam
1118 2083 1147 2110 C.
1185 2082 1356 2117 religatum
1377 2083 1455 2109 PM.
1528 2085 1552 2110 3.
1573 2090 1629 2109 om.
1650 2083 1692 2110 M.
1738 2082 1859 2109 CIRCA
1879 2083 1914 2110 P.
1959 2082 1987 2110 A
2007 2082 2121 2111 PRIN-
2145 2112 2149 2115 ξ
2216 2091 2220 2095 ’

496 2135 607 2162 CIPIO
628 2137 657 2168 S,
682 2135 795 2162 PRIM.
814 2136 848 2163 Ρ.
893 2135 1003 2162 DCXX
1022 2137 1064 2169 Ρ.,
1088 2134 1190 2162 DCCC
1210 2136 1238 2163 S.
1310 2138 1335 2162 4.
1355 2135 1502 2170 Selapsia
1521 2137 1549 2162 P
1567 2136 1626 2170 (ita
1644 2135 1740 2170 mooe).
1776 2134 1958 2164 mehercule
1979 2138 2010 2164 te
2035 2137 2118 2169 Van„

498 2188 538 2216 he
558 2209 722 2216 ..........
744 2191 773 2216 te
795 2190 868 2221 SM,
892 2188 1074 2216 mehercule
1094 2191 1129 2216 ut
1156 2188 1219 2216 dici
1250 2188 1420 2216 audiebam
1441 2191 1471 2216 te
1491 2189 1553 2223 (me
1573 2196 1629 2216 sec.
1648 2197 1685 2216 m.
1705 2196 1805 2224 supra
1824 2189 1890 2222 lin„
1914 2189 1985 2217 cule
2004 2190 2039 2216 ut
2056 2188 2120 2216 dici

497 2250 552 2269 sec.
567 2250 604 2269 m.
618 2242 654 2268 in
673 2250 745 2275 ras„
763 2242 932 2269 audiebam
954 2244 983 2269 te
1005 2250 1060 2269 sec.
1075 2250 1111 2269 m.
1126 2242 1162 2268 z'n
1181 2242 1289 2276 mary.)
1302 2243 1336 2269 P.
1408 2244 1432 2269 7.
1447 2250 1568 2277 capyae
1588 2243 1618 2275 S,
1642 2249 1742 2276 capye
1763 2242 1805 2269 M.
1877 2243 1902 2269 9.
1915 2242 2122 2276 negotiantur

498 2296 584 2324 dieat
604 2298 633 2324 S.
690 2304 825 2331 capyam
846 2298 920 2324 SM.
1024 2299 1065 2324 10.
1086 2296 1154 2331 ipsc
1175 2298 1357 2330 Buecheler,
1381 2296 1438 2324 ille
1463 2297 1493 2324 C.
1592 2299 1634 2323 11.
1653 2304 1710 2323 om.
1730 2297 1772 2323 M.
1838 2285 2074 2324 CIRCA.VER
2093 2296 2122 2324 A

498 2349 559 2376 PR.
579 2350 612 2377 P.
667 2349 775 2376 DCXL
796 2350 874 2383 Alci„
898 2348 1007 2376 DCXX
1027 2350 1049 2377 S
1057 2350 1091 2376 P.
1183 2351 1224 2376 13.
1244 2349 1429 2377 subvenerit
1453 2349 1523 2382 Cic„
1545 2348 1731 2376 subveniret
1754 2349 1784 2376 C.
1880 2351 1922 2376 14.
1940 2348 2017 2376 illos
2035 2348 2122 2384 ipsos

498 2404 572 2430 SM.
610 2406 695 2430 tuam
715 2410 812 2437 prope
832 2411 851 2430 a
870 2403 951 2430 meis
971 2403 1104 2430 aedibus
1120 2403 1180 2430 Cic.
1217 2403 1307 2430 cuius
1327 2402 1453 2430 domum
1474 2402 1514 2430 ad
1539 2402 1608 2436 Cic„
1631 2401 1681 2430 cui
1702 2401 1829 2429 domum
1853 2403 1883 2430 0.
1956 2404 1998 2430 15.
2016 2410 2122 2431 meam

499 2456 625 2483 domum
644 2455 703 2483 Cic.
777 2459 818 2483 18.
838 2463 916 2483 coss.
930 2455 998 2483 lata
1012 2456 1191 2488 Manutius,
1210 2456 1329 2483 collata
1347 2456 1377 2483 C.
1451 2457 1492 2482 19.
1508 2455 1618 2482 domus
1631 2454 1777 2489 Poyyz'us,
1795 2454 1889 2482 domu
1903 2455 1933 2488 S,
1950 2454 2061 2484 domos
2074 2456 2118 2489 ΛΠ,

499 2509 625 2536 domum
645 2510 679 2536 P.
735 2509 857 2543 ditepta
877 2510 918 2536 M.
974 2509 1080 2536 diruta
1099 2510 1134 2542 P,
1158 2509 1272 2536 dui-uta
1291 2510 1334 2542 M,
1358 2509 1472 2536 durata
1491 2510 1520 2536 S.
1593 2511 1635 2535 20.
1653 2507 1757 2542 potuit
1775 2509 1869 2536 SMl.

547 2599 564 2632 1
601 2598 643 2632 L.
678 2598 855 2632 Lamiam
886 2600 980 2632 etc.:
1019 2607 1052 2632 a.
1081 2598 1144 2632 58:
1181 2597 1272 2631 Dio
1393 2597 1414 2631 6
1445 2598 1486 2631 in
1519 2596 1764 2632 dissuasione
1787 2596 1888 2642 legis
1921 2597 2121 2642 agrariae:

500 2655 706 2691 XXXVIII
732 2656 787 2699 16,
813 2656 854 2700 43
881 2655 981 2690 Cic.
1003 2666 1079 2700 pro
1105 2655 1197 2690 Sest.
1216 2656 1272 2700 12,
1346 2655 1446 2691 Cic.
1473 2656 1517 2691 de
1543 2657 1609 2702 leq.
1636 2666 1718 2701 αρν.
1745 2655 1868 2700 ΙΙν34,
1895 2656 1951 2691 94.

500 2716 563 2759 293
588 2726 644 2750 or.
664 2726 705 2759 p.
724 2715 802 2749 red.
824 2717 865 2749 in
882 2725 960 2749 sen.
988 2715 1020 2759 5,
1042 2715 1104 2759 123
1130 2717 1171 2749 in
1194 2715 1271 2749 Pis.
1393 2716 1436 2750 16
1463 2716 1566 2750 bona
1591 2715 1675 2749 eius
1695 2715 1738 2749 P.
1765 2714 1922 2750 Clodius
1947 2714 2121 2760 publica-

500 2775 556 2819 27,
575 2774 638 2819 643
663 2774 715 2808 ad
730 2773 828 2817 fam.
850 2773 906 2808 XI
924 2774 979 2818 16,
998 2774 1039 2818 23
1066 2773 1140 2808 XII
1158 2774 1213 2818 29,
1234 2774 1272 2818 13
1344 2775 1401 2809 vit
1420 2778 1513 2810 etc:
1539 2774 1636 2810 Cic.
1657 2785 1733 2819 pro
1755 2774 1848 2810 Sest.
1869 2774 1926 2819 24,
1948 2774 2012 2819 543
2032 2776 2124 2819 poet

499 2835 576 2868 sch.
598 2833 688 2868 Bob.
709 2843 786 2877 pro
812 2833 946 2867 Plane.
973 2833 1029 2867 87.
1246 2846 1250 2849 ·
1347 2834 1422 2868 red.
1450 2836 1492 2868 in
1520 2843 1596 2868 sen.
1625 2834 1656 2877 7,
1684 2833 1745 2877 183
1778 2833 1824 2868 de
1847 2833 1948 2868 dom.
1974 2832 2032 2878 24,
2057 2833 2121 2878 623

548 2892 570 2926 4
595 2891 771 2936 Seplasia
788 2895 879 2926 etc.:
906 2891 1004 2926 Cic.
1025 2901 1101 2935 pro
1127 2890 1218 2925 Sext.
1239 2891 1271 2934 8,
1344 2891 1400 2936 43,
1423 2891 1509 2936 1133
1535 2893 1577 2925 in
1597 2891 1675 2925 Pis.
1694 2891 1750 2935 22,
1769 2887 1831 2936 523
1850 2901 1927 2936 pro
1951 2891 2038 2926 Mil.
2064 2891 2120 2934 32,

502 2951 563 2997 193
588 2951 664 2986 sch.
692 2951 782 2986 Bob.
809 2961 838 2986 c.
864 2960 943 2985 sen.
967 2961 1027 2996 qr.
1059 2951 1133 2995 eyit
1167 2949 1221 2984 17.
1343 2951 1408 2995 873
1434 2950 1559 2985 Plut.
1589 2950 1662 2985 Cic.
1685 2950 1741 2985 33.
