2300 3528
106 627 159 690 ‘5

113 1043 160 1079 10

113 1432 160 1468 15

791 237 846 275 IN
872 236 1247 275 CORNELIANAM
1794 237 1839 274 75

283 331 404 376 Puto
435 345 521 376 vos
552 334 796 377 reminisci
830 335 916 377 has
948 347 1050 378 esse
1083 335 1213 389 leges
1245 335 1421 389 Livias,
1450 347 1569 390 quas
1602 335 1696 377 illis
1728 347 1838 377 con-

194 410 378 454 sulibus
407 410 467 454 Μ.
500 411 668 461 Livius
707 411 892 455 Drusus
931 415 987 454 tr.
1032 413 1094 468 pl.
1139 412 1315 455 tulerit.
1391 412 1473 467 qui
1506 425 1615 454 cum
1648 415 1841 455 senatus

195 490 355 544 partes
386 488 588 532 tuendas
619 490 904 545 suscepisset
943 493 991 532 et
1022 491 1152 545 leges
1184 502 1269 547 pro
1302 490 1610 545 optimatibus
1642 490 1839 543 tulisset,

194 568 358 622 postea
389 578 445 609 eo
477 566 702 609 licentiae
741 570 812 610 est
843 580 1134 622 progressus,
1169 571 1220 610 ut
1252 568 1437 610 nullum
1471 568 1519 610 in
1553 567 1627 609 his
1658 580 1839 610 morem

193 646 424 686 servaret.
494 643 656 698 itaque
698 644 946 699 Philippus
988 657 1095 699 cos„
1139 645 1222 700 qui
1255 644 1298 687 ei
1346 644 1571 686 inimicus
1612 646 1729 697 erat,
1763 644 1840 686 ob-

195 720 340 764 tinuit
369 733 398 763 a
429 723 597 764 senatu
637 725 689 764 ut
732 722 863 776 leges
905 722 1008 764 eius
1052 735 1216 765 omnes
1248 735 1342 764 uno
1385 721 1427 764 S.
1462 721 1510 764 C.
1546 722 1840 764 tollerentur.

126 828 129 830 -
194 798 443 841 decretum
469 802 542 841 est
566 799 695 841 enim
719 801 886 842 contra
909 800 1124 855 auspicia
1149 812 1249 843 esse
1278 800 1399 842 latas
1425 811 1581 854 neque
1608 800 1666 842 iis
1688 799 1841 842 teneri

194 876 438 932 populum.

284 953 340 996 P.
372 953 710 997 Africanus
748 955 853 997 ille
901 955 1174 1010 superior
1218 955 1450 998 dicitur
1496 967 1612 997 non
1654 955 1840 997 solum

195 1043 225 1074 a
255 1031 740 1087 sapientissimis
772 1032 1107 1075 hominibus
1139 1034 1238 1088 qui
1271 1036 1388 1075 tum
1423 1035 1615 1087 erant,
1650 1044 1842 1076 verum

195 1109 368 1152 etiam
401 1121 430 1152 a
461 1122 516 1152 se
549 1110 675 1165 ipso
707 1123 888 1166 saepe
936 1113 1266 1154 accusatus
1314 1123 1438 1154 esse
1485 1111 1661 1166 quod,
1712 1123 1843 1153 cum

195 1187 399 1230 consul
432 1190 577 1230 esset
613 1200 741 1231 cum
782 1188 868 1231 Ti.
900 1189 1119 1243 Longo,
1152 1201 1357 1243 passus
1390 1191 1543 1232 esset
1573 1191 1690 1231 tum
1722 1189 1842 1243 pri-

196 1277 348 1308 mum
381 1277 410 1308 a
440 1267 733 1321 populari
775 1278 1067 1309 consessu
1110 1267 1407 1310 senatoria
1449 1267 1724 1310 subsellia
1759 1279 1841 1309 se-

195 1343 418 1398 parari

284 1420 386 1464 Hoc
406 1422 585 1464 factum
609 1425 680 1465 est
699 1423 907 1465 secundo
927 1423 1177 1465 consulatu
1203 1423 1437 1478 Scipionis
1453 1426 1557 1478 post
1587 1423 1842 1478 septimum

196 1509 376 1540 annum
409 1510 554 1553 quam
581 1497 1060 1554 Carthaginiensibus
1085 1500 1211 1542 bello
1244 1500 1453 1542 secundo
1487 1500 1599 1542 data
1631 1504 1702 1542 est
1732 1511 1840 1554 pax.

197 1574 376 1618 factum
399 1575 447 1618 id
481 1588 582 1619 esse
615 1579 776 1619 autem
809 1576 976 1619 Antias
1009 1577 1207 1619 tradidit
1249 1577 1375 1619 ludis
1407 1577 1457 1619 R.
1492 1589 1609 1631 quos
1641 1576 1843 1619 fecerint

197 1652 378 1695 aediles
423 1653 616 1696 curules
648 1654 702 1696 A.
736 1654 910 1696 Atilius
951 1654 1198 1708 Serranus,
1231 1654 1282 1696 L.
1315 1653 1592 1697 Scribonius
1631 1654 1763 1708 Libo,
1796 1656 1843 1696 et

197 1729 247 1772 id
279 1742 359 1772 eos
401 1730 567 1773 fecisse
610 1731 740 1773 iussu
778 1743 1029 1774 censorum
1073 1731 1180 1773 Sex.
1222 1732 1328 1774 Aeli
1366 1731 1513 1784 Paeti,
1557 1730 1606 1773 C.
1652 1730 1842 1774 Corneli

197 1806 410 1864 Cethegi.
474 1812 522 1851 et
553 1809 746 1852 videtur
778 1809 828 1852 in
860 1809 951 1852 hac
977 1810 1172 1864 quidem
1196 1809 1409 1852 oratione
1436 1809 1565 1851 hunc
1597 1811 1841 1851 auctorem

197 1888 388 1929 secutus
409 1885 577 1929 Cicero
600 1887 777 1929 dixisse
800 1899 989 1942 passum
1014 1899 1115 1930 esse
1133 1886 1402 1942 Scipionem
1425 1887 1611 1929 secerni
1633 1899 1661 1928 a
1683 1890 1842 1928 cetero

286 2044 311 2068 1.
331 2040 444 2068 Livias
463 2041 647 2074 Manutius,
670 2040 777 2069 iuvius
797 2042 828 2074 S,
852 2041 945 2069 vivas
965 2042 1011 2074 M,
1034 2041 1141 2069 iunias
1162 2042 1195 2068 P.
1252 2041 1300 2068 illi
1323 2042 1402 2068 SPl.
1488 2043 1512 2068 2.
1533 2041 1574 2068 Μ.
1592 2040 1706 2068 Livius
1726 2041 1843 2069 Manu-

197 2094 272 2129 tius,
297 2094 338 2123 M.
356 2094 495 2123 Iubilius
514 2095 550 2128 P,
573 2102 614 2123 m.
634 2094 767 2122 lubilius
787 2095 862 2123 SM.
950 2098 975 2123 4.
994 2103 1031 2123 eo
1053 2095 1206 2123 licentiae
1227 2096 1395 2127 Ledaeus,
1419 2103 1459 2123 ea
1478 2095 1613 2122 lieentia
1637 2097 1666 2122 C.
1755 2097 1780 2122 7.
1799 2095 1844 2122 la-

197 2150 246 2177 tat
265 2149 310 2178 M.
363 2148 406 2176 iis
426 2149 609 2181 Manutius,
632 2147 683 2176 his
708 2150 738 2176 C.
819 2152 861 2178 10.
899 2152 972 2177 tunc
994 2152 1024 2178 S.
1111 2153 1152 2176 11.
1173 2157 1243 2178 esse
1264 2150 1386 2183 Baiter,
1410 2153 1459 2177 est
1484 2151 1513 2177 C.
1597 2152 1639 2176 12.
1658 2149 1707 2176 Ti.
1727 2150 1844 2176 Manu-

198 2221 274 2255 tius,
297 2220 334 2249 T.
356 2221 421 2254 SP,
444 2222 492 2249 ter
514 2221 558 2249 M.
659 2222 755 2248 12-13.
773 2220 911 2255 primum
933 2228 952 2248 a
973 2221 1154 2254 Manutius,
1179 2220 1317 2255 plurima
1342 2222 1372 2248 (¹.
1473 2223 1514 2250 13.
1535 2192 1692 2261 consessjsu
1712 2222 1747 2254 P,
1772 2228 1844 2248 von-

198 2281 295 2303 sensu
314 2276 391 2304 SM.
465 2277 507 2303 15.
527 2282 613 2303 cons.
633 2276 663 2302 S.
745 2277 786 2302 17.
807 2274 950 2302 traduxit
969 2275 1000 2302 S.
1055 2274 1203 2302 fecerunt.
1222 2275 1302 2302 PM.
1388 2277 1430 2302 18.
1450 2275 1487 2303 A.
1506 2283 1570 2309 eqo,
1594 2282 1651 2302 om.
1677 2276 1707 2302 (J.
1763 2275 1844 2302 Atti-

198 2327 263 2357 llnfl
275 2329 350 2357 SM.
398 2331 547 2357 sel-tanus
560 2330 590 2357 S.
640 2328 675 2356 L.
689 2328 872 2361 Maniam-e,
891 2327 926 2355 Τ.
945 2329 974 2355 (J.
1050 2330 1144 2355 18-19.
1159 2331 1191 2355 et
1205 2327 1237 2355 id
1252 2335 1307 2356 eos
1322 2328 1445 2361 Baiter,
1464 2327 1573 2356 cideos
1592 2330 1623 2356 C.
1694 2331 1735 2355 19.
1756 2328 1843 2355 iussu

200 2381 366 2416 Loaoieus,
388 2381 439 2410 ius
464 2383 494 2410 C.
550 2382 623 2409 Aeli
646 2381 737 2409 Paeti
759 2381 942 2413 Manutius,
967 2380 1092 2408 aelileti
1115 2382 1180 2414 SP,
1204 2381 1331 2409 acliteti
1352 2382 1396 2410 M.
1506 2383 1548 2409 20.
1569 2380 1675 2414 cetegi
1697 2382 1727 2409 S.
1784 2380 1844 2408 hac

199 2434 346 2464 oratione
365 2433 449 2463 hunc
469 2434 564 2470 quide
583 2436 617 2463 P.
673 2436 833 2462 auctorem
856 2435 898 2462 M.
1010 2437 1052 2461 21.
1072 2433 1186 2462 secuffi
1204 2435 1237 2461 P.
1302 2441 1430 2468 passum
1452 2435 1533 2468 PM,
1557 2455 1795 2463 ..............
1816 2436 1844 2462 S.

247 2573 270 2609 2
295 2573 364 2619 qui
401 2583 490 2609 cum
528 2577 691 2609 senatus
726 2576 821 2608 etc.:
860 2572 984 2607 Schol.
1058 2571 1159 2607 deor.
1199 2571 1258 2607 III
1294 2573 1352 2618 33,
1391 2573 1461 2618 813
1499 2571 1617 2607 Vell.
1657 2571 1766 2607 Pat.
1807 2571 1844 2606 II

200 2632 292 2668 Bob.
319 2632 406 2668 Mil.
433 2631 496 2677 163
533 2633 670 2668 Plane.
696 2633 762 2677 333
799 2631 916 2666 Arch.
943 2632 984 2676 63
1059 2632 1104 2666 13
1122 2643 1198 2678 sq.;
1232 2632 1364 2667 Diod.
1391 2632 1448 2677 37,
1476 2633 1532 2668 17.

194 2692 361 2738 perioch.
395 2691 510 2727 Liv.
538 2691 822 2735 LXX—LXXI,
853 2691 983 2726 Flor.
1106 2692 1127 2726 6
1152 2696 1197 2726 ut
1230 2692 1342 2738 leges
1377 2695 1476 2727 etc.:
1518 2691 1622 2727 Cic.
1660 2691 1705 2726 (le
1742 2691 1844 2726 dom.

201 2751 239 2788 ΙΙ
280 2753 326 2797 ὃς
368 2751 502 2787 Oros.
546 2752 578 2787 V
621 2753 677 2797 18,
717 2751 809 2796 1-23
852 2751 983 2786 Plut.
1060 2751 1437 2797 16,41;dele9.11
1462 2753 1495 2796 6,
1523 2752 1586 2796 143
1614 2751 1670 2796 12,
1691 2752 1748 2786 31.

204 2812 243 2848 (J.
273 2811 408 2847 Gracc.
439 2811 461 2846 9
487 2821 595 2857 sqq.;
633 2811 849 2857 Appian.
886 2811 919 2845 b.
954 2821 983 2846 e.
1106 2811 1152 2846 15
1189 2811 1365 2846 secundo
1405 2811 1638 2846 consulatu:
1677 2821 1711 2845 a.
1752 2810 1843 2853 1943

201 2871 220 2907 I
256 2871 303 2907 35
339 2881 419 2916 sq.;
461 2870 567 2906 Val.
608 2870 735 2906 Max.
778 2871 835 2906 IX
872 2871 905 2915 5,
945 2871 983 2916 23
1059 2871 1160 2906 Liv.
1188 2870 1367 2916 XXXIV,
1395 2871 1452 2915 44,
1475 2871 1506 2906 5.

202 2930 388 2976 Ampel.
414 2931 470 2975 19,
495 2931 537 2975 63
563 2930 710 2966 Auct.
737 2932 809 2966 vir.
836 2930 892 2965 ill.
918 2930 984 2975 663
1107 2932 1150 2967 17
1177 2930 1279 2966 ludis
1305 2930 1368 2966 R.:
1395 2931 1501 2966 Liv.
1530 2929 1710 2976 XXXIV,
1730 2930 1844 2974 54‚3;

201 2990 302 3027 Cic.
320 2990 366 3026 de
382 2989 484 3026 dom.
506 2991 560 3035 16,
579 2990 642 3035 413
671 2991 727 3035 19,
746 2990 810 3035 503
836 2989 882 3024 cle
902 2991 983 3025 nat.
1058 2988 1154 3025 Cic.
1170 2990 1255 3024 har.
1270 2989 1371 3034 r.12,
1386 2989 1564 3034 ‘243Va1.
1580 2988 1844 3033 Max.114,3.

1878 398 1922 434 61
1938 397 2008 433 KS

1879 445 1926 481 69
1944 445 1976 481 C'

1881 1427 1975 1462 6913

1882 1895 1978 1931 700
