2300 3528
309 1129 450 1165 6503

488 256 534 291 70
889 247 893 251 Δ
1175 254 1421 291 ASCONIVS

487 352 614 393 dum
663 351 962 394 difficilem
1009 354 1103 393 aut
1147 351 1211 393 ad
1264 352 1697 406 excogitandum
1744 355 2112 401 recondita-m:

487 440 627 482 quae
660 429 750 470 lex
796 428 994 483 paucis
1035 428 1119 470 his
1151 428 1310 470 annis
1357 441 1461 470 non
1508 430 1664 471 modo
1710 430 1963 486 scripta,
2010 431 2112 475 sed

487 505 651 547 etiam
685 506 799 547 lata
831 507 992 548 esset.

574 582 621 624 P.
655 581 916 636 Sulpicium
954 583 1004 624 in
1051 583 1294 624 tribunatu
1345 582 1468 624 hanc
1509 583 1709 625 eandem
1755 583 1911 638 legem
1945 574 2114 628 tulisse

486 659 582 700 iam
613 659 1000 713 significavimus.
1083 659 1192 700 tulit
1223 661 1381 701 autem
1413 659 1463 701 L.
1497 658 1639 714 Sylla,
1674 660 1754 714 qui
1784 663 1948 715 postea
1976 661 2114 705 Felix

486 737 751 791 appellatus
782 738 863 790 est,
914 735 968 789 Q.
1001 736 1223 790 Pompeio
1274 748 1386 778 coss.
1429 739 1539 779 ante
1570 737 1731 779 XXIII
1776 749 1924 780 annos
1969 751 2112 794 quam

486 814 606 856 haec
638 814 765 856 dicta
796 817 917 868 sunt,
951 826 1059 856 cum
1091 825 1178 868 per
1210 815 1308 857 vim
1336 817 1442 857 'rem
1479 828 1521 869 p.
1555 816 1835 870 possedisset
1865 817 1913 859 et
1939 817 1999 859 ab
2025 816 2112 859 ini-

487 891 565 933 tiis
596 892 828 933 bonarum
861 892 1100 934 actionum
1134 892 1193 933 ad
1226 892 1435 946 perditas
1475 905 1750 947 progressus
1797 895 1942 936 esset:
1989 894 2113 948 quod

488 970 535 1009 et
565 968 754 1009 initium
794 968 1027 1010 bellorum
1061 969 1277 1010 civilium
1312 969 1412 1022 fuit,
1441 971 1487 1011 et
1511 972 1705 1024 propter
1727 971 1850 1024 quod
1882 971 1982 1026 ipse
2012 969 2112 1014 Sul-

487 1045 639 1099 picius
671 1046 917 1087 consulum
950 1046 1095 1087 armis
1126 1045 1230 1087 iure
1263 1047 1511 1100 oppressus
1542 1059 1642 1089 esse
1675 1047 1804 1090 visus
1834 1050 1916 1090 est.

576 1122 637 1163 In
670 1135 777 1176 quo
810 1134 938 1170 cum
972 1123 1146 1164 multa
1178 1123 1520 1177 reprehensa
1551 1124 1680 1178 sint,
1714 1126 1825 1166 tum
1858 1125 2115 1179 inprimis

488 1199 759 1241 celeritas
790 1200 1055 1241 actionis.

577 1275 880 1319 Celeritatem
920 1277 1118 1319 actionis
1158 1277 1407 1332 significat,
1440 1279 1564 1332 quod
1596 1278 1828 1333 Manilius,
1866 1279 1989 1321 sicut
2017 1279 2113 1322 iam

488 1354 788 1408 ostendimus,
822 1356 925 1409 post
956 1355 1182 1408 pauculos
1208 1355 1365 1397 statim
1394 1356 1494 1397 dies
1525 1368 1667 1410 quam
1700 1357 1873 1398 inierat
1903 1356 2112 1399 tribuna-

486 1434 587 1474 tum
619 1431 773 1485 legem
807 1431 1006 1473 eandem
1040 1430 1617 1486 Compitalibus'pertulit.
1700 1429 1704 1434 ’

574 1508 810 1550 Petivit
841 1511 1038 1550 tamen
1071 1522 1099 1550 a
1132 1521 1212 1551 me
1244 1510 1732 1563 praetormaxima
1758 1510 2114 1563 contentione

488 1588 544 1627 ut
575 1598 804 1627 causam
836 1585 1064 1627 Manilii
1097 1586 1488 1628 defenderem.

576 1661 623 1704 C.
647 1662 827 1704 Attium
850 1661 1037 1704 Celsum
1061 1662 1308 1716 significat,
1336 1663 1458 1705 sicut
1483 1663 1577 1705 iam
1600 1666 1708 1706 ante
1731 1664 1910 1706 dictum
1932 1666 2014 1714 est.

1014 1787 1147 1830 vna.
1181 1788 1221 1829 A
1253 1768 1364 1830 PR'I.
1397 1787 1593 1831 Decor.

573 1883 703 1925 Dicit
734 1884 792 1925 de
826 1884 991 1925 eodem
1023 1883 1204 1926 Manilii
1238 1884 1501 1926 tribunatu:

574 1960 709 2002 Nam
743 1973 863 2002 cum
896 1961 941 2002 is
973 1963 1045 2002 tr.
1079 1961 1156 2015 pl.
1192 1961 1334 2002 duas
1366 1962 1525 2015 leges
1557 1961 1615 2002 in
1650 1973 1714 2003 eo
1747 1962 2113 2016 magistratu

486 2037 973 2091 tulisseaunam
1021 2038 1448 2092 perniciosam,
1492 2039 1749 2080 alteram
1787 2038 2112 2093 egregiam:

574 2152 598 2175 1.
618 2148 816 2176 reconditam
836 2150 931 2182 June„
955 2149 1155 2183 recognitam
1175 2150 1199 2176 S
1206 2150 1241 2182 P,
1265 2149 1434 2183 recognita
1453 2150 1495 2176 M.
1579 2151 1604 2176 5.
1624 2149 1689 2176 iam
1710 2149 2019 2184 Kiessliny-Schoell,
2042 2157 2114 2178 eam

486 2203 560 2235 SM,
578 2210 633 2229 om.
647 2203 681 2229 P.
736 2202 992 2236 significavimus
1010 2210 1042 2237 p,
1066 2202 1322 2237 significabimus
1347 2203 1376 2230 C.
1433 2202 1486 2236 qui
1508 2210 1564 2229 om.
1586 2203 1627 2230 M.
1729 2205 1754 2230 6.
1774 2203 1823 2230 est
1842 2203 1981 2238 Madvig,
2003 2210 2060 2231 om.
2084 2204 2115 2232 C.

486 2255 591 2296 XXIII
610 2255 791 2288 DIanutz‘us,
814 2255 887 2282 XVI
906 2256 985 2288 PM,
1009 2254 1172 2283 sexdecim
1187 2256 1215 2282 S.
1289 2257 1313 2283 7.
1328 2257 1359 2283 et
1374 2256 1543 2289 Berazdus,
1561 2263 1618 2283 om.
1637 2256 1666 2284 C.
1740 2258 1781 2283 10.
1795 2255 1959 2283 consulum
1973 2256 2112 2291 Madvig),

486 2316 566 2336 coss.
585 2309 660 2342 SM,
684 2315 746 2336 cos.
766 2309 799 2335 P.
865 2308 933 2335 iure
953 2308 1114 2343 Siqom'us,
1136 2308 1184 2336 ire
1209 2310 1238 2336 C.
1303 2312 1387 2348 esset
1407 2308 1513 2336 vissus
1533 2310 1561 2336 S.
1671 2311 1712 2336 13.
1732 2308 1815 2343 quod
1834 2309 2004 2343 Ber-aldus,
2026 2311 2062 2338 ut
2084 2310 2114 2338 C.

487 2382 529 2406 16.
550 2381 656 2407 tamen
677 2387 696 2406 a
715 2386 765 2407 me
785 2380 867 2412 PM,
892 2381 957 2407 tam
972 2399 1089 2407 ........
1109 2380 1138 2407 S.
1198 2381 1326 2413 praetor
1343 2388 1375 2414 p,
1398 2369 1442 2414 ῥῖ.
1463 2381 1538 2413 SM,
1560 2369 1597 2414 fii·
1615 2381 1649 2407 P.
1712 2379 1916 2408 contentione
1935 2380 2114 2415 Kiesslinq—

486 2433 616 2466 Schoell,
641 2431 869 2460 constitutione
895 2433 924 2460 C.
998 2435 1038 2459 18.
1059 2432 1090 2460 O.
1109 2432 1232 2460 Attium
1253 2433 1391 2467 Madviy,
1416 2433 1549 2460 cattium
1568 2433 1647 2466 PM,
1671 2432 1807 2460 cartium
1827 2433 1856 2460 S.
1935 2435 1976 2460 19.
1995 2440 2053 2462 om.
2071 2434 2115 2462 M.

486 2485 640 2513 DCCCCL
659 2487 693 2513 P.
793 2488 836 2514 20.
856 2485 967 2520 manlij
988 2487 1022 2513 P.
1122 2489 1164 2513 21.
1184 2486 1211 2514 is
1233 2488 1269 2514 tr.
1288 2486 1330 2520 pl.
1348 2487 1383 2520 P,
1409 2486 1444 2513 T.
1462 2486 1514 2520 ple
1535 2487 1578 2520 M,
1602 2505 1765 2514 ..........
1786 2486 1815 2514 S.
1876 2485 2005 2514 tulisset
2023 2486 2057 2514 in
2075 2493 2114 2515 eo

486 2539 679 2574 magistratu
698 2540 732 2566 P.
814 2541 856 2566 22.
874 2546 971 2566 unam
990 2539 1199 2573 pernitiosam
1219 2540 1299 2572 PM,
1322 2559 1434 2566 .......
1446 2539 1566 2567 ciosam
1586 2540 1617 2572 S,
1640 2538 1775 2567 alteram
1795 2538 2004 2573 pernitiosam
2022 2540 2114 2574 sm9¹.

533 2627 556 2661 4
581 2628 621 2662 in
646 2628 867 2663 tribunatu:
894 2639 927 2662 a.
954 2628 1009 2662 88.
1383 2628 1429 2663 10
1456 2637 1663 2673 oppressus
1689 2637 1794 2662 esse:
1826 2627 1925 2664 Cic.
1960 2629 2003 2662 in
2031 2627 2112 2663 Cat.

535 2689 555 2723 7
582 2698 671 2722 cum
689 2698 759 2732 per
776 2688 855 2721 vim
870 2690 960 2723 ete:
976 2687 1099 2722 Plut.
1115 2687 1213 2723 Sull.
1229 2688 1261 2722 8.
1334 2686 1392 2721 III
1418 2687 1474 2732 10,
1501 2686 1558 2721 24.

535 2746 606 2781 7-8
631 2746 680 2780 ab
705 2747 824 2781 initiis
849 2746 1040 2781 bonarum
1063 2746 1262 2781 actionum
1381 2745 2112 2790 15CompitalibuszpridieKaJ.Ian.66.

488 2805 539 2839 ad
563 2804 736 2849 perditas
763 2808 854 2840 etc.:
876 2804 970 2840 Cic.
990 2805 1034 2839 de
1051 2806 1136 2839 har.
1154 2816 1187 2840 r.
1205 2804 1261 2850 20,
1382 2805 1427 2839 16
1452 2807 1627 2849 praetor:
1655 2815 1687 2838 a.
1715 2805 1771 2839 66.
2005 2823 2008 2827 ,

488 2864 550 2908 443
576 2864 621 2898 de
640 2874 695 2898 or.
715 2863 772 2898 III
790 2864 822 2908 3,
840 2864 901 2907 113
928 2863 973 2898 de
994 2864 1060 2908 leq.
1080 2864 1138 2898 III
1155 2864 1187 2909 9,
1206 2858 1260 2899 20.
1381 2864 1425 2899 17
1453 2873 1612 2898 causam
1644 2851 1809 2899 Manilii:
1837 2864 1879 2906 Q.
1913 2863 2002 2899 Cic.
2030 2865 2108 2908 pet.

535 2923 604 2956 8-9
631 2923 735 2967 quod
763 2927 801 2957 et
826 2923 980 2956 initium
998 2923 1187 2957 bellorum
1211 2924 1261 2957 ci·
1334 2932 1434 2957 cons.
1461 2921 1556 2957 XIII
1586 2922 1640 2957 51.

488 2981 623 3016 vilium
649 2982 739 3017 fuit:
766 2981 864 3019 Cio.
892 2982 991 3016 Phil.
1016 2981 1107 3017 VIII
1127 2981 1159 3027 2,
1183 2982 1212 3016 7.
1381 2982 1423 3018 21
1451 2982 1491 3018 in
1515 2991 1563 3017 eo
1589 2982 1840 3028 magistratu:
1867 2993 1900 3017 a.
1928 2983 1984 3020 66.

2151 1055 2201 1091 10

2151 1440 2196 1476 15
