2300 3528
105 1042 151 1078 10

104 1431 152 1468 15

798 240 853 276 IN
880 239 1217 276 MILONIANAM
1785 239 1830 274 55

128 363 130 365 ·
188 340 352 393 ctam,
385 337 627 381 consilio
665 349 798 380 vero
837 337 1071 380 maioris
1109 337 1375 380 alicuius.
1439 350 1522 380 me
1554 337 1831 381 videlicet

188 417 483 460 latronem
532 418 590 458 et
636 415 909 458 sicarium
957 415 1174 458 abiecti
1217 415 1470 458 homines
1511 428 1581 458 ac
1618 415 1828 471 perditi

189 493 422 538 describ
438 493 625 536 ebant.

277 570 333 626 Q.
365 571 618 626 Pompeius
649 571 797 614 Rufus
829 574 876 613 et
912 569 961 614 C.
995 570 1245 613 Sallustius
1276 571 1456 613 tribuni
1491 571 1685 614 fuerunt
1715 584 1832 626 quos

187 649 438 706 significat.
501 648 551 691 hi
584 648 712 691 enim
746 649 889 703 primi
922 649 981 691 de
1014 660 1072 691 ea
1098 648 1204 702 lege
1237 648 1437 691 ferenda
1462 649 1689 704 populum
1723 649 1828 692 hor-

189 727 275 771 tati
306 729 496 779 suntet
526 727 754 769 dixerunt
779 739 808 768 a
835 739 980 768 manu
1005 726 1194 769 Milonis
1225 726 1434 770 occisum
1468 739 1569 769 esse
1596 726 1829 781 Clodium,

187 804 386 848 consilio
417 816 533 847 vero
566 803 760 846 maioris
792 803 1008 846 alicuius.

279 884 324 937 (§
355 883 446 936 49.)
493 882 676 937 Atqui
734 884 796 924 ut
851 882 949 924 illi
1006 885 1340 925 nocturnus
1395 883 1693 925 adventus
1749 884 1829 926 vi-

188 961 395 1004 tandus
440 960 578 1014 fuit,
621 959 706 1002 sic
751 959 974 1014 Miloni,
1021 972 1147 1002 cum
1194 960 1517 1002 insidiator
1556 963 1740 1015 esset,
1779 962 1830 1004 si

189 1039 468 1083 illum-ad
502 1038 697 1081 urbem
731 1040 908 1081 noctu
950 1050 1324 1081 accessurum
1361 1038 1613 1094 sciebat,
1647 1040 1829 1082 subsi-

188 1117 448 1161 dendum
475 1119 524 1159 et
553 1118 748 1160 cetera.-

277 1195 369 1238 Via
414 1194 570 1250 Appia
612 1195 683 1237 est
727 1206 874 1250 prope
922 1195 1091 1237 urbem
1138 1197 1499 1237 monumentum
1546 1196 1704 1250 Basili,
1749 1196 1830 1251 qui

187 1273 320 1316 locus
350 1272 615 1315 latrociniis
647 1272 737 1314 fuit
767 1284 1000 1327 perquam
1027 1271 1232 1326 infamis,
1260 1273 1386 1327 quod
1415 1285 1476 1315 ex
1502 1273 1609 1316 aliis
1641 1286 1830 1329 quoque

187 1349 352 1393 multis
382 1349 598 1404 intellegi
630 1351 795 1404 potest.

279 1429 323 1482 (ξ
355 1427 446 1481 55.)
480 1426 725 1470 Comites
768 1426 1037 1470 Graeculi
1085 1440 1450 1483 quocumque
1483 1429 1619 1483 ibat,
1662 1429 1829 1472 etiam

187 1518 308 1550 cum
341 1505 398 1548 in
429 1508 623 1548 castra
654 1505 896 1548 Etrusca
926 1506 1310 1560 properabat.

275 1583 428 1639 Saepe
470 1583 645 1627 obiecit
690 1582 854 1626 Clodio
901 1582 1068 1626 Cicero
1110 1585 1291 1627 socium
1335 1597 1446 1628 eum
1487 1585 1830 1629 coniurationis

187 1659 422 1704 Catilinae
454 1660 627 1714 fuisse3
664 1673 808 1716 quam
841 1673 944 1703 rem
987 1673 1116 1704 nunc
1153 1675 1341 1717 quoque
1374 1663 1580 1706 reticens
1612 1664 1828 1706 ostendit.

186 1739 365 1782 Fuerat
395 1738 524 1781 enim'
556 1738 728 1794 opinio,
752 1741 803 1781 ut
824 1738 1031 1781 Catilina
1057 1752 1119 1782 ex
1143 1740 1260 1782 urbe
1282 1741 1561 1796 profugerat
1591 1741 1641 1784 in
1674 1744 1830 1784 castra

184 1817 332 1860 Manli
364 1817 670 1871 centurionis,
698 1817 780 1872 qui
808 1821 908 1859 tum
931 1817 980 1859 in
1007 1817 1201 1860 Etruria
1223 1819 1282 1861 ad
1304 1818 1530 1862 Faesulas
1562 1820 1828 1862 exercitum

185 1895 231 1938 ei
262 1895 585 1950 comparabat,
619 1893 838 1938 Clodium
870 1896 1095 1950 subsequi
1138 1908 1247 1938 eum
1286 1897 1493 1940 voluisse
1526 1900 1574 1940 et
1604 1898 1828 1953 coepisse,

185 1975 287 2016 tum
318 1972 431 2015 dein
462 1974 644 2014 mutato
675 1972 872 2015 consilio
904 1973 954 2014 in
988 1973 1156 2015 urbem
1190 1974 1380 2016 redisse.

276 2051 321 2104 (ἓ
353 2050 443 2103 67.)
486 2049 610 2092 Non
658 2050 775 2092 iam
822 2050 932 2093 hoc
979 2049 1343 2094 Clodianum
1391 2052 1612 2095 crimen
1660 2053 1827 2096 time-

185 2141 322 2184 mus,
354 2129 461 2172 sed
501 2130 640 2182 tuas,
684 2126 779 2171 Cn.
818 2128 1055 2184 Pompei
1099 2131 1244 2171 —te
1287 2130 1436 2172 enim
1475 2131 1741 2186 appello,
1775 2135 1828 2174 et

275 2260 300 2286 1.
318 2265 398 2286 vera
417 2259 460 2285 M.
550 2260 575 2285 2.
595 2257 716 2285 obiecit
736 2259 766 2291 S,
790 2257 909 2286 obiecti
931 2259 972 2285 M.
1031 2266 1068 2286 ac
1094 2258 1154 2286 sie.
1174 2259 1260 2286 codd.
1281 2259 1356 2291 ΣΗ,
1380 2262 1412 2287 et
1431 2260 1466 2293 P,
1490 2267 1547 2288 om.
1568 2261 1641 2287 SM.
1732 2263 1757 2288 3.
1777 2261 1829 2289 de-

184 2310 330 2340 scribant
348 2313 379 2345 S,
403 2311 583 2340 discribant
603 2312 646 2339 M.
718 2314 743 2339 4.
765 2311 802 2344 Q.
822 2313 902 2345 PM,
926 2312 945 2348 ξ
964 2314 993 2340 S.
1050 2320 1159 2340 rursus
1179 2314 1221 2340 M.
1279 2313 1398 2340 tribuni
1422 2314 1602 2348 Manutius,
1628 2305 1729 2342 tribus
1750 2316 1825 2348 SM,

186 2367 224 2394 tr.
243 2366 278 2394 P.
350 2367 377 2394 7.
397 2365 710 2394 consilio-alicuius
730 2373 788 2393 om.
804 2366 883 2394 PM.
956 2369 1017 2394 8-9.
1037 2366 1182 2395 vitantus
1201 2368 1232 2400 S,
1256 2367 1431 2395 sinim-ntus
1451 2369 1493 2396 M.
1568 2372 1610 2396 11.
1630 2371 1739 2397 cetera
1759 2370 1825 2403 SP,

173 2455 175 2458 .
185 2438 282 2448 ......
300 2421 344 2449 Μ.
417 2423 459 2448 12.
479 2419 583 2448 Basili
608 2420 716 2453 Orelli,
738 2419 848 2448 basilii
874 2422 904 2448 C.
979 2422 1021 2448 13.
1041 2428 1195 2455 perquam
1215 2420 1347 2449 infamis
1368 2422 1548 2456 Manutius,
1572 2430 1629 2458 per
1642 2431 1737 2457 quam
1753 2423 1780 2451 is
1799 2425 1829 2452 C.

186 2475 229 2502 14.
248 2473 387 2502 intellici
408 2475 450 2502 M.
559 2475 602 2502 15.
623 2473 666 2501 ibi
689 2475 718 2501 S.
828 2476 871 2501 20.
891 2474 996 2502 mallii
1026 2475 1057 2508 S,
1089 2474 1203 2502 manili
1234 2475 1276 2502 M.
1342 2475 1481 2503 sessulae
1501 2477 1535 2504 Ρ.
1644 2480 1687 2504 21.
1707 2485 1778 2505 cum
1800 2478 1829 2504 S.

185 2530 229 2556 22.
248 2535 321 2556 cum
340 2527 419 2562 (tum
440 2528 491 2563 M)
511 2527 550 2556 de
570 2526 706 2555 imutato
727 2529 802 2555 SM.
888 2530 930 2555 23.
950 2527 1015 2556 iam
1041 2528 1110 2579 qia,
1135 2530 1200 2556 tam
1221 2530 1249 2556 P
1258 2530 1301 2562 M,
1326 2531 1434 2558 tamen
1448 2532 1484 2558 -S.
1539 2530 1729 2559 Clodianum
1755 2531 1825 2565 Cic„

186 2581 409 2617 quotidianum
433 2582 464 2610 C.
537 2584 580 2610 24.
599 2581 739 2616 pompeii
760 2583 789 2609 S.
839 2584 872 2610 et
892 2583 915 2610 S
923 2583 958 2616 P,
982 2590 1022 2611 ex
1043 2583 1085 2610 M.

235 2694 281 2731 12
300 2693 375 2730 Via
387 2694 517 2740 Appia
531 2698 590 2730 est
602 2705 726 2740 prope
738 2695 876 2731 urbem
891 2706 971 2731 mo-
1044 2696 1402 2743 Lichtenfeldt,
1423 2699 1468 2733 (le
1489 2698 1644 2734 Asconii
1665 2699 1829 2734 Pedium·

185 2756 420 2790 numentum
445 2753 565 2789 Basili
591 2758 686 2791 etc.:
706 2754 801 2790 Cic.
821 2755 873 2790 ad
890 2755 969 2791 Att.
1043 2755 1220 2801 fontibus
1245 2768 1290 2793 ac
1314 2757 1400 2803 fide,
1426 2769 1462 2804 p.
1491 2759 1618 2795 13-16.

185 2813 260 2850 VII
285 2814 318 2859 9,
346 2814 378 2848 1.
1091 2817 1138 2852 20
1163 2818 1230 2862 qui
1257 2822 1339 2853 tum
1367 2819 1407 2854 in
1434 2819 1588 2854 Etruria
1607 2823 1700 2855 etc.:
1719 2831 1751 2854 a.
1771 2820 1829 2855 63:

234 2874 279 2910 17
306 2872 434 2919 Saepe
453 2874 597 2910 obiecit
619 2878 693 2910 etc.
716 2877 841 2910 Errat
857 2875 969 2911 Asco-
1044 2877 1174 2912 Plut.
1217 2877 1290 2913 Cic.
1331 2878 1392 2923 143
1431 2878 1519 2914 Dio
1558 2879 1746 2915 XXXVII
1771 2880 1828 2925 30,

186 2936 279 2970 nius
302 2944 394 2970 cum
414 2934 579 2971 hocloco
599 2938 763 2981 rapinae
788 2938 831 2971 in
849 2936 969 2971 Etru·
1043 2937 1138 2982 4-53
1164 2937 1282 2973 Sall.
1313 2938 1392 2974 Cat.
1420 2938 1482 2984 243
1509 2940 1637 2975 27-30.

186 2996 248 3030 ria
267 3004 293 3029 a
316 2993 446 3030 Clodio
461 2993 590 3038 factae
608 2994 880 3041 designentur-3
901 2996 969 3031 cfr.

1867 575 1913 610 50
1928 575 1965 609 B

1868 729 1964 766 500

1866 1590 1958 1625 43S
