2300 3528
537 279 581 315 26
1226 273 1476 310 ASCONIVS
1535 271 1550 276 ‘

538 373 704 424 forum,
739 370 910 412 deinde
943 371 1136 423 accepto
1176 367 1492 422 respondendi
1532 367 1634 410 loco
1678 368 1820 410 dixit:
1866 367 1955 421 «Q.
1989 368 2160 412 Varius

537 448 772 502 Hispanus
802 446 860 488 M.
894 446 1124 488 Scaurum
1157 444 1423 499 principem
1455 447 1644 487 senatus
1668 445 1816 488 socios
1847 445 1896 487 in
1928 457 2063 488 arma
2092 445 2160 489 ait

536 534 839 575 convocasse;
871 521 929 563 M.
963 521 1167 563 Scaurus
1198 521 1419 575 princeps
1449 522 1638 563 senatus
1663 523 1827 576 negat3
1860 521 1990 564 testis
2020 533 2158 569 nemo

537 602 627 642 est:
664 600 755 641 utri
779 611 874 652 vos,
900 597 1121 651 Quirites,
1149 597 1375 639 convenit
1401 597 1631 639 credere?
1650 615 1667 634 >
1707 596 1812 650 Qua
1836 607 1954 640 voce
1976 598 2042 640 ita
2063 610 2157 640 om-

536 677 666 719 nium
700 674 1010 718 commutavit
1053 674 1235 716 animos
1280 676 1331 715 ut
1362 674 1421 715 ab
1465 674 1564 728 ipso
1597 674 1739 716 etiam
1782 674 1971 717 tribuno
2003 674 2156 718 dimit-

536 755 727 795 teretur.

622 829 751 872 Dicit
781 829 955 871 iterum
988 828 1046 869 de
1080 830 1214 881 patre
1245 827 1303 869 M.
1336 826 1514 869 Scauri.

626 908 702 959 (4.)
735 905 849 948 Non
892 905 1037 947 enim
1082 906 1292 946 tantum
1339 904 1651 946 admiratus
1690 917 1807 946 sum
1852 917 1956 959 ego
2000 905 2191 955 illum¹

536 984 736 1037 virum,
788 983 936 1024 sicut
978 994 1181 1035 omnes,
1233 982 1326 1023 sed
1359 981 1542 1023 etiam
1590 982 1923 1036 praecipue
1960 982 2157 1025 dilexi.

535 1060 749 1102 Primus
781 1059 926 1101 enim
961 1070 1042 1099 me
1086 1058 1430 1112 flagrantem
1477 1058 1663 1099 studio
1706 1058 1891 1100 laudis
1922 1059 1977 1100 in
2007 1070 2158 1114 spem

535 1137 763 1192 impulit
799 1147 958 1190 posse
1005 1135 1219 1178 virtute
1268 1147 1350 1176 me
1383 1135 1502 1177 sine
1548 1136 1833 1190 praesidio
1881 1136 2157 1190 fortunae,

536 1226 641 1268 quo
679 1212 1110 1265 contendissem,
1143 1212 1342 1253 labore
1385 1213 1437 1253 et
1483 1212 1806 1254 constantia
1837 1212 2157 1266 pervenire.

623 1290 771 1332 Possit
790 1289 962 1344 aliquis
979 1301 1210 1343 quaerere
1231 1301 1318 1331 cur
1332 1289 1421 1330 hoc
1439 1289 1615 1331 dixerit
1632 1288 1810 1343 Cicero,
1828 1301 1936 1331 cum
1956 1289 2160 1332 Scaurus

533 1367 762 1423 patricius
787 1366 952 1409 fuerit:
986 1378 1107 1420 quae
1129 1366 1317 1420 generis
1339 1366 1530 1408 claritas
1571 1366 1713 1408 etiam
1750 1366 1925 1408 inertes
1946 1366 2159 1409 homines

533 1445 593 1486 ad
615 1456 821 1491 summos
842 1443 1044 1485 honores
1065 1443 1297 1497 provexit.
1320 1442 1498 1485 Verum
1515 1441 1719 1485 Scaurus
1741 1443 1807 1485 ita
1828 1443 1917 1485 fuit
1931 1443 2159 1498 patricius

534 1523 584 1562 ut
615 1521 766 1562 tribus
797 1532 940 1575 supra
971 1531 1080 1561 eum
1122 1519 1357 1561 aetatibus
1388 1519 1590 1561 iacuerit
1627 1520 1793 1561 domus
1825 1520 1926 1562 eius
1957 1519 2157 1562 fortuna.

531 1597 650 1639 Nam
684 1609 837 1651 neque
875 1599 1010 1651 pater
1054 1608 1207 1650 neque
1247 1608 1365 1638 avus
1406 1608 1559 1650 neque
1602 1596 1745 1638 etiam
1777 1607 1984 1651 proavus
2019 1620 2077 1626 —
2108 1599 2160 1639 ut

532 1677 657 1729 puto,
702 1676 896 1728 propter
941 1676 1108 1715 tenues
1151 1685 1264 1727 opes
1307 1675 1354 1714 et
1390 1673 1570 1714 nullam
1613 1673 1741 1714 vitae
1779 1673 2060 1716 industriam
2100 1698 2159 1706 -

532 1752 732 1793 honores
764 1751 922 1805 adepti
955 1752 1075 1792 sunt.
1140 1750 1299 1804 itaque
1332 1749 1507 1791 Scauro
1539 1761 1689 1803 aeque
1726 1762 1783 1792 ac
1819 1762 1941 1793 novo
1978 1750 2157 1793 homini

533 1829 845 1870 laborandum
879 1828 979 1869 fuit.

623 1905 700 1957 (5.)
734 1904 810 1959 Si,
854 1905 1195 1958 mehercule,
1242 1904 1486 1958 iudices,
1530 1916 1626 1958 pro
1663 1904 1722 1946 L.
1767 1904 1975 1947 Tubulo
2012 1905 2156 1948 dice-

535 1993 669 2034 rem,
727 1993 890 2035 quem
945 1993 1109 2022 unum
1160 1993 1225 2023 ex
1267 1981 1414 2022 omni
1466 1981 1735 2022 memoria
1780 1981 2155 2024 sceleratissi-

535 2071 675 2100 mum
709 2060 762 2099 et
793 2058 1232 2100 audacissimum
1267 2057 1436 2099 fuisse
1470 2057 1804 2112 accepimus,
1838 2060 2019 2100 tamen
2051 2071 2156 2101 non

534 2135 816 2188 timerem,
870 2147 1146 2177 venenum
1196 2134 1398 2189 hospiti
1453 2137 1544 2175 aut
1585 2135 1858 2176 convivae
1910 2135 1954 2177 si
2005 2136 2155 2178 dice—

534 2214 692 2254 retur
723 2212 947 2254 cenanti
981 2213 1049 2254 ab
1083 2212 1182 2253 illo
1216 2212 1419 2265 datum,
1454 2212 1542 2252 cui
1582 2224 1757 2266 neque
1789 2211 1952 2255 heres
1983 2225 2156 2267 neque

533 2290 717 2331 iratus
749 2289 964 2331 fuisset.

621 2391 645 2415 2.
666 2387 819 2421 hispanus
839 2386 920 2414 dixit
940 2388 973 2414 Ι).
1029 2389 1157 2414 senatus
1177 2389 1212 2420 1¹,
1235 2387 1342 2414 senat'
1366 2389 1408 2419 M,
1431 2391 1610 2415 senatorem
1631 2389 1660 2415 S.
1741 2390 1766 2415 3.
1785 2389 1914 2416 senator
1933 2389 1975 2416 M.
2047 2391 2090 2416 11.
2110 2388 2156 2416 in-

533 2441 606 2468 tulit
626 2443 655 2467 S.
693 2440 811 2468 virtute
831 2448 881 2468 me
903 2442 1083 2470 Mommsen,
1105 2440 1256 2468 virtutem
1276 2442 1305 2468 C.
1379 2443 1419 2467 12.
1439 2441 1586 2468 laborare
1606 2442 1635 2468 S.
1708 2443 1749 2468 14.
1768 2441 1900 2469 claritas
1914 2441 1963 2474 11³,
1986 2441 2105 2470 caritas
2123 2443 2154 2470 C.

533 2497 574 2521 17.
595 2501 720 2527 nanque
741 2495 770 2521 S.
808 2490 946 2527 proavus
967 2489 1063 2520 etifi'm
1080 2494 1112 2520 P.
1203 2496 1245 2520 21.
1266 2493 1372 2520 tabule
1393 2495 1421 2521 S.
1512 2497 1554 2521 22.
1574 2494 1591 2529 Iq'
1611 2494 1644 2521 in
1664 2501 1759 2521 unum
1780 2495 1810 2527 S,
1828 2493 1862 2529 εἷς
1883 2502 2012 2522 munum
2033 2496 2075 2522 M.
2113 2502 2153 2524 ex

532 2546 618 2573 omni
639 2547 805 2579 Lodoicus9
829 2548 860 2573 et
881 2545 965 2573 omni
992 2547 1021 2572 (¹.
1095 2548 1136 2572 23.
1158 2548 1187 2573 et
1208 2545 1455 2573 audacissimum
1476 2554 1532 2574 orn.
1552 2548 1580 2573 S.

579 2642 597 2675 1
628 2642 726 2675 dixit
749 2644 841 2676 cte.:
867 2641 971 2678 Val.
1001 2640 1123 2674 Max.
1147 2640 1205 2674 III
1225 2641 1255 2685 7,
1274 2642 1313 2684 ὃς
1388 2641 1557 2676 clamore
1577 2641 1761 2687 depulit);
1783 2642 1935 2684 Quint.
1961 2642 1994 2678 V
2014 2642 2071 2688 12,
2092 2643 2155 2688 103

532 2701 700 2743 Quint.
727 2700 758 2735 V
786 2700 841 2743 12,
864 2700 926 2744 103
954 2700 1068 2734 Auct.
1095 2700 1140 2734 de
1159 2702 1230 2734 vir.
1253 2701 1307 2734 ill.
1384 2700 1525 2735 Auct.
1552 2701 1597 2735 cle
1621 2702 1693 2735 vir.
1720 2701 1775 2735 ill.
1802 2700 1858 2743 72,
1884 2701 1939 2736 11.

532 2760 588 2805 72,
608 2761 672 2804 113
699 2758 795 2794 Cic.
816 2769 892 2803 pro
918 2758 1011 2793 Sest.
1031 2758 1087 2803 47,
1110 2759 1189 2793 101.
1429 2759 1474 2794 13
1495 2759 1621 2794 Possit
1639 2759 1778 2804 aliquis
1796 2762 1887 2795 etc.:
1909 2759 2013 2795 Val.
2029 2760 2153 2795 Max.

579 2819 600 2853 ἴ)
632 2821 676 2853 ut
713 2818 762 2852 ab
800 2819 883 2862 ipso
919 2821 1009 2853 etc.:
1048 2817 1172 2852 Aliter
1205 2817 1305 2852 V.a1.
1381 2817 1432 2852 IV
1461 2818 1491 2862 4,
1517 2818 1582 2863 113
1608 2817 1704 2853 Cic.
1735 2819 1843 2855 Mur.
1871 2820 1903 2863 7,
1925 2819 1987 2864 163
2013 2818 2151 2854 Auct.

531 2878 656 2912 Max.
682 2876 741 2912 ΙΙΙ
767 2877 799 2921 7,
821 2877 842 2910 8
869 2877 997 2921 (cuius
1023 2876 1117 2911 dicti
1143 2876 1306 2910 admira·
1380 2876 1424 2911 de
1450 2879 1521 2912 vir.
1548 2877 1602 2912 ill.
1629 2877 1674 2911 82
1693 2877 1715 2921 ξ
1736 2877 1824 2922 1—23
1850 2877 1977 2914 Plut.
1996 2877 2042 2913 de
2057 2877 2151 2923 fort.

531 2938 638 2972 tione
656 2935 823 2981 populus
842 2937 1060 2970 commotus
1076 2935 1233 2970 Varium
1256 2935 1304 2969 ab
1379 2936 1489 2971 Rom.
1517 2936 1569 2971 IV
1594 2935 1633 2972 C.

530 2996 596 3030 illa
622 2995 911 3030 dementissima
939 2995 1094 3029 actione
1114 2994 1304 3040 pertinaci

2198 1069 2242 1104 10

2197 1452 2241 1487 15

2195 1836 2240 1872 20

2193 2232 2240 2267 25
