2300 3528
393 437 470 472 40

392 979 499 1014 4KS

387 1216 466 1251 513

535 274 556 306 6
1226 272 1472 308 ASCONIVS

1150 426 1351 470 PAVLO
1393 426 1540 471 POST

532 522 591 563 de
624 534 714 563 avo
745 521 926 563 Pisonis
956 524 1170 569 materno
1185 533 1195 563 :

620 598 730 640 Hic
762 611 891 640 cum
924 599 1086 641 domo
1110 596 1428 652 profectus
1453 599 1803 643 Placentiae
1834 601 1989 644 forte
2020 614 2156 646 con·

532 676 804 730 sedisset,
838 677 1046 731 paucis
1086 678 1217 730 post
1262 678 1437 720 annis
1484 678 1543 720 in
1590 690 1654 720 ea
1670 691 1716 720 m
1763 679 2074 723 civitatem
2099 703 2158 722 —,—-

532 765 659 794 nam
706 755 818 795 tum
870 757 1000 796 erat
1045 754 1247 798 incola
1288 780 1347 785 —
1392 755 1694 797 ascendit.
1786 756 1956 810 prius
2001 742 2168 800 enim'
2194 757 2217 793 5

533 828 762 884 Gallus,
810 830 946 872 dein
993 829 1375 885 Gallicanus,
1423 831 1496 874 ad
1541 834 1862 875 extremum
1909 833 2156 877 Placen-

533 908 618 950 tin
635 920 695 949 us
726 907 938 950 haberi
971 909 1225 962 coeptus
1257 911 1358 951 est.

620 985 721 1027 Hoc
752 997 938 1039 quoque
971 985 1095 1039 quod
1132 986 1248 1028 dicit
1288 987 1532 1029 civitatem
1571 987 1712 1029 fuisse
1749 987 2063 1043 Placentiam,
2095 987 2156 1031 ab
2223 999 2226 1002 ·

532 1063 698 1105 eadem
731 1063 1033 1117 persuasione
1074 1063 1205 1118 ponit
1243 1064 1554 1118 municipium
1587 1065 1742 1107 fuisse.
1819 1077 1964 1108 avum
1995 1067 2156 1115 autem

533 1141 806 1182 maternum
828 1140 1009 1182 Pisonis
1030 1141 1182 1195 primo
1209 1140 1397 1183 Gallum
1421 1141 1562 1195 fuisse
1584 1142 1689 1184 ideo
1721 1142 1800 1196 ait,
1823 1142 1948 1197 quod
1969 1142 2157 1186 venisse
2194 1151 2240 1187 10

531 1229 639 1259 eum
672 1217 721 1259 in
753 1217 939 1259 Italiam
973 1218 1088 1259 dicit
1119 1220 1249 1260 trans
1279 1218 1424 1272 Alpis,
1451 1218 1563 1261 dein
1599 1218 1915 1273 Gallicanum,
1947 1220 2074 1274 quod
2105 1219 2157 1262 in

531 1293 670 1335 Italia
694 1294 972 1347 consederit,
995 1294 1328 1337 Placentinum
1360 1294 1578 1350 denique,
1601 1298 1848 1350 postquam
1869 1296 2076 1343 adscitus
2097 1296 2158 1339 sit

531 1383 559 1412 a
589 1370 891 1413 Placentinis.
954 1371 1035 1414 sed
1062 1371 1248 1414 Pisonis
1280 1384 1398 1415 avus
1424 1373 1571 1414 multo
1594 1375 1697 1427 post
1727 1385 1784 1415 ea
1815 1375 2030 1428 tempora
2053 1373 2156 1424 fuit,

531 1449 702 1502 quibus
732 1448 976 1491 Placentia
1007 1449 1192 1491 colonia
1224 1451 1294 1491 est
1325 1450 1541 1491 deducta.

970 1579 1150 1623 CIRCA
1181 1580 1345 1623 VERS.
1378 1581 1419 1622 A
1450 1580 1636 1624 PRIMO
1655 1613 1664 1623 .
1685 1614 1694 1623 .
1714 1614 1723 1624 .
2195 1597 2240 1632 15

621 1690 971 1732 Lautiorem
1004 1692 1179 1744 pater
1210 1691 1345 1730 tuus
1376 1701 1647 1730 socerum
1679 1701 1844 1743 quam
1876 1687 1924 1732 C.
1957 1689 2156 1735 Piso...

533 1799 666 1809 .......
700 1767 762 1808 in
809 1766 915 1807 illo
962 1766 1122 1807 luctu
1153 1763 1180 1792 ²¹<
1211 1778 1322 1806 non
1370 1765 1518 1806 enim
1566 1765 1757 1807 filiam
1806 1777 1987 1808 meam
2033 1767 2156 1809 col-

532 1843 731 1885 locavi
773 1855 937 1896 quem
980 1855 1105 1896 ego,
1138 1842 1185 1883 si
1223 1841 1374 1883 mihi
1414 1844 1685 1896 potestas
1731 1844 1851 1884 tum
1895 1842 2154 1886 omnium

533 1920 770 1972 fuisset,
805 1931 983 1960 unum
1017 1918 1377 1972 potissimum
1411 1918 1802 1972 delegissem.

620 2027 644 2051 1.
664 2023 830 2051 Prioribus
851 2023 1042 2050 continuant
1062 2025 1128 2056 SP,
1146 2031 1201 2051 om.
1218 2023 1300 2050 Min
1314 2025 1370 2051 lac.
1387 2024 1424 2050 12
1438 2024 1498 2050 liet.
1571 2026 1596 2050 3.
1617 2023 1709 2051 domo
1729 2023 1892 2058 profectus
1920 2031 1984 2058 eyn,
2007 2023 2101 2051 adom

533 2078 568 2111 (6
589 2077 646 2104 liu.
671 2078 712 2110 M)
739 2078 768 2104 C.
850 2076 931 2103 forte
952 2076 1132 2109 Manutius,
1154 2076 1237 2103 foret
1261 2078 1291 2104 C.
1399 2078 1459 2103 3-4.
1479 2076 1677 2104 consedisset
1696 2076 1874 2109 Manutius,
1907 2075 2052 2104 consedit
2070 2078 2103 2104 et
2126 2077 2157 2105 0.

531 2133 556 2157 4.
581 2130 691 2164 paucis
719 2132 790 2164 post
819 2120 912 2156 annis
943 2129 1121 2162 Manutius,
1154 2129 1246 2163 pauci
1268 2148 1397 2156 ........
1421 2130 1451 2157 C.
1559 2131 1583 2156 5.
1611 2129 1718 2157 incola
1739 2130 1921 2162 Mommsen,
1947 2149 2119 2157 ..........
2135 2131 2160 2158 C

531 2186 556 2210 6.
576 2182 764 2210 Gallicanus
783 2183 962 2215 Manutius,
985 2182 1113 2209 Gallica
1132 2201 1243 2209 .......
1264 2183 1298 2217 (4
1319 2182 1422 2215 litt.P,
1437 2182 1506 2209 sine
1520 2183 1575 2210 lac.
1588 2182 1633 2215 M)
1654 2183 1683 2210 G.
1723 2181 1763 2210 ad
1783 2183 1961 2210 extremum
1980 2177 2157 2217 Kios-§lina-

533 2237 661 2269 Schoell,
673 2238 834 2263 extremus
850 2237 880 2264 C.
934 2237 1098 2270 'Lcoeptus
1112 2236 1291 2269 Manutius,
1306 2254 1453 2263 .........
1465 2235 1540 2269 PM,
1551 2255 1752 2263 ............
1759 2236 1789 2263 S.
1843 2234 1960 2269 &quod
1970 2236 2153 2269 Mommsen,

532 2298 590 2317 om.
608 2291 638 2317 C.
675 2289 875 2317 Placentiam
895 2289 1205 2323 Kiessliny-Schoell,
1229 2308 1429 2317 ............
1448 2290 1478 2316 (J.
1550 2291 1575 2317 9.
1594 2288 1684 2322 ponit
1701 2289 1732 2321 S,
1754 2287 1845 2322 ponit
1863 2287 2059 2322 placentiam
2078 2289 2158 2316 PM.

534 2346 576 2370 10.
594 2344 773 2369 maternum
793 2341 1103 2376 Kiesszinq-Schoell,
1125 2362 1290 2369 ..........
1310 2342 1340 2374 S,
1363 2349 1419 2369 om.
1439 2342 1517 2368 PM.
1572 2341 1735 2369 invenisse
1755 2342 1779 2368 S
1790 2342 1829 2368 M.
1902 2344 1944 2369 11.
1964 2341 2038 2369 dein
2057 2341 2158 2370 Gaui-

533 2404 647 2424 canum
674 2396 834 2430 Siqonius,
856 2414 1051 2423 ..........
1071 2396 1150 2429 PM,
1173 2415 1180 2422 .
1193 2415 1200 2422 .
1215 2415 1222 2422 .
1235 2416 1242 2423 .
1255 2414 1262 2421 .
1282 2396 1312 2422 S.
1420 2398 1462 2423 12.
1482 2394 1706 2422 Placentinum
1726 2394 1863 2428 denique
1883 2396 2067 2429 Buecheler,
2090 2394 2157 2429 pla-

534 2450 618 2477 centi
639 2469 831 2477 ..........
851 2450 881 2483 S,
900 2449 1061 2483 placentie
1081 2468 1088 2476 .
1103 2468 1110 2475 .
1123 2469 1130 2475 .
1144 2469 1171 2476 ..
1201 2450 1240 2481 λ’,
1263 2448 1424 2483 placentie
1449 2450 1484 2476 P.
1556 2447 1697 2475 adscitus
1722 2447 1902 2481 Manutius,
1932 2447 2098 2476 adacoitus
2116 2448 2152 2482 P,

533 2502 679 2530 adacitus
699 2504 742 2535 M,
766 2502 806 2529 ad
826 2501 970 2529 acciatus
990 2503 1019 2529 S.
1127 2504 1168 2528 13.
1189 2501 1397 2529 Placentinis.
1423 2501 1485 2529 Sed
1510 2501 1637 2529 Pisonis
1656 2502 1839 2535 Buecheler,
1862 2500 2005 2535 placenti
2024 2520 2157 2529 .......

534 2555 587 2590 (12
606 2555 664 2582 litt.
685 2556 714 2587 S,
739 2556 777 2582 10
796 2554 842 2588 M)
868 2555 898 2582 C.
980 2557 1021 2581 15.
1041 2562 1097 2581 om.
1117 2555 1159 2581 M.
1241 2557 1283 2581 16.
1302 2554 1472 2581 lautiorem
1493 2561 1549 2580 om.
1569 2555 1598 2586 S,
1622 2572 1734 2581 .......
1754 2553 1832 2580 PM.
1896 2553 1970 2581 Piso
1990 2571 2157 2582 ..........

534 2609 606 2643 (litt.
627 2609 666 2635 12
686 2608 722 2641 Ρ)
749 2609 778 2635 C.
861 2610 891 2634 17
922 2614 984 2635 non
1005 2607 1090 2635 enim
1111 2608 1185 2640 SM,
1207 2606 1248 2634 ηδ
1268 2607 1297 2634 ei
1311 2608 1352 2642 P.
1400 2607 1558 2635 collocavi
1585 2607 1665 2640 Van„
1689 2606 1865 2634 colloca...
1885 2607 1915 2640 S,
1939 2606 2064 2635 colloca
2075 2607 2156 2634 PM.

534 2665 575 2689 18.
595 2662 622 2689 si
643 2661 721 2689 mihi
741 2662 826 2694 Rau,
1018 2662 1048 2694 S,
1203 2662 1246 2694 M,
1269 2681 1293 2688 ..
1313 2661 1347 2688 P.
1420 2663 1462 2689 19.
1482 2668 1578 2688 unum
1659 2661 1693 2687 P.
1748 2661 1920 2688 Mommsen
1938 2663 2037 2687 totum
2055 2661 2156 2688 locum

533 2715 579 2742 sic
597 2714 749 2747 refinxit:
770 2714 955 2741 Lautiorem
976 2714 1075 2748 igitur
1094 2715 1127 2741 et
1147 2715 1180 2740 tu
1199 2716 1232 2741 et
1250 2715 1341 2747 pater
1361 2715 1432 2741 tuus
1451 2721 1475 2740 s.
1494 2721 1523 2747 q.
1542 2712 1574 2740 C.
1593 2712 1667 2740 Piso
1687 2712 1869 2740 invenistis.
1897 2712 1967 2740 hm
1985 2712 2078 2740 finito
2096 2711 2156 2740 mo

533 2768 622 2795 luctu
641 2774 746 2795 nonne
767 2767 797 2794 ei
817 2767 837 2793 f.
858 2775 898 2795 m.
919 2774 944 2794 c.
964 2775 991 2800 q.
1012 2774 1047 2800 e.,
1066 2766 1145 2794 licet
1163 2765 1242 2794 mihi
1263 2768 1405 2800 potestas
1426 2769 1486 2794 etc.

581 2886 613 2920 9.
640 2884 769 2919 Avum
813 2886 944 2918 autem
981 2886 1201 2918 maternum
1235 2886 1308 2918 etc.
1382 2881 2154 2927 Atdespondita.67zcie.adAtt.1‚3‚3.
2207 2888 2210 2890 '

532 2945 647 2979 schol.
674 2944 764 2978 Bob.
791 2954 819 2977 c.
845 2952 923 2977 sen.
946 2953 1006 2987 qr.
1033 2952 1084 2987 69.
1113 2942 1167 2977 15.
1430 2942 1474 2976 18
1500 2952 1616 2986 quem
1650 2952 1726 2986 ego
1766 2944 1861 2978 etc.:
1899 2940 1995 2978 Cic.
2036 2941 2152 2978 Brut.

581 3003 689 3040 17-18
701 3002 819 3039 filiam
832 3011 960 3039 meam
979 3000 1188 3038 collocavi:
1206 3011 1240 3035 a.
1252 3000 1307 3035 64.
1382 3001 1438 3045 78,
1464 3001 1542 3036 272.
