2300 3528
877 253 1172 293 PRAEFATIO
1788 250 1846 287 IX

199 362 533 412 exstantium
570 362 815 410 conicere
841 373 1123 426 possumus
1151 358 1443 422 scripturas
1480 355 1681 404 codicis
1716 355 1844 404 San-

197 450 455 517 gallensis
499 451 613 498 sive
650 452 869 515 propter
906 463 1147 498 umorem
1185 449 1241 495 et
1278 447 1443 494 situm
1481 446 1594 493 sive
1627 448 1845 510 propter

196 540 376 589 tineas
423 537 764 603 blatteasque
813 536 958 586 haud
1008 537 1193 602 paucis
1240 534 1373 583 locis
1411 534 1708 582 evanuisse.
1786 535 1845 581 at

196 626 648 678 Constantiamne
687 643 757 676 an
795 629 853 675 in
891 625 1111 675 Italiam
1138 640 1260 673 eum
1299 622 1540 687 Poggius
1579 622 1841 684 attulerit,

194 717 463 767 incertum
490 719 572 765 est
601 712 714 780 (cfr.
744 714 968 775 Clark,
1003 713 1167 767 Class.
1197 711 1423 772 Review‚
1445 727 1495 776 p.
1526 713 1609 771 38,
1631 727 1685 760 a:
1708 713 1840 760 1913

27 784 31 791 x
133 831 141 841 r-
196 808 253 856 et
299 805 566 866 Garrod,
613 804 777 858 Class.
818 804 1042 864 Reviso),
1082 819 1132 868 p.
1173 803 1365 862 88-90,
1412 816 1459 850 a.
1512 799 1689 867 1913):
1732 801 1840 862 sed,

194 897 486 960 utcumque
532 910 616 943 res
656 910 711 943 se
748 893 957 954 habuit,
986 892 1182 953 codex,
1223 894 1511 957 postquam
1549 906 1582 938 a
1628 889 1840 954 Poggio

194 989 253 1036 et
286 984 357 1035 ab
395 987 509 1034 eius
535 986 724 1033 amicis
761 983 1062 1048 descriptus
1096 985 1194 1043 est,
1233 997 1415 1030 rursus
1455 997 1521 1029 ex
1559 980 1841 1029 hominum

194 1073 364 1124 oculis
399 1075 636 1123 recessit.

300 1162 593 1228 Exemplar
618 1162 819 1211 codicis
846 1160 1235 1226 SangallensiS,
1263 1159 1405 1225 quod
1425 1161 1482 1207 in
1504 1175 1659 1208 suum
1684 1175 1841 1208 usum

190 1251 435 1316 Poggius
474 1253 705 1317 scripsit,
734 1267 878 1299 nunc
905 1252 962 1299 in
999 1249 1184 1299 codice
1222 1249 1534 1298 Matritensi
1560 1247 1615 1296 X
1641 1250 1704 1297 81
1736 1264 1836 1297 ser-

191 1343 372 1390 vatur:
418 1340 486 1390 de
533 1356 641 1406 qua
676 1356 750 1402 re,
791 1343 914 1406 post
957 1342 1200 1403 insignes
1239 1337 1704 1401 Schmiedebergii
1740 1333 1841 1401 (Dc

190 1429 410 1480 Asconii
445 1430 709 1482 codicibus
748 1433 797 1479 et
834 1430 897 1479 de
956 1428 1219 1482 Ciceronis
1262 1427 1475 1478 scholiis
1527 1427 1838 1490 Sanyallen-

189 1519 348 1581 siba-3,
401 1519 768 1570 Vratislaviae
825 1519 978 1587 1905)
1023 1522 1079 1567 et
1125 1517 1332 1568 Clarkii
1371 1515 1446 1583 (in
1498 1517 1663 1582 praef.
1710 1517 1837 1566 edit.

191 1609 390 1659 Ascon.
418 1626 469 1676 p.
497 1625 615 1659 xv11
642 1610 776 1676 sqq.)
802 1625 973 1670 curas,
1003 1624 1112 1658 non
1139 1612 1222 1657 est
1255 1624 1352 1656 cur
1376 1607 1608 1672 amplius
1634 1606 1839 1656 dubite-

189 1702 280 1748 tur
296 1696 409 1763 (cer
432 1698 491 1749 O.
520 1699 925 1760 Giarratan0‚
954 1699 1238 1749 Bollettino
1264 1698 1321 1747 di
1341 1698 1444 1747 Fil.
1466 1698 1620 1747 class.
1643 1713 1693 1762 p.
1718 1698 1839 1745 275-

191 1789 311 1850 277,
351 1804 398 1838 a.
446 1787 614 1855 1907).
691 1788 860 1837 codex
893 1787 1230 1837 Matritensis
1269 1787 1324 1835 X
1362 1789 1446 1847 81,
1488 1786 1618 1835 olim
1654 1785 1839 1835 biblio-

187 1877 382 1927 thecae
407 1879 621 1927 comitis
653 1877 719 1927 de
746 1877 1014 1938 Miranda‚
1041 1877 1376 1937 chartaceUS‚
1405 1878 1562 1926 0305
1588 1882 1636 1934 ><
1661 1877 1836 1935 0207,

188 1969 434 2017 continet
471 1966 742 2032 Sigeberti
781 1967 1089 2017 Chronicon
1127 1964 1234 2030 (fol.
1281 1964 1450 2033 1-17)‚
1478 1964 1705 2014 Asconii
1742 1965 1838 2014 Pe-

187 2055 338 2105 diani
375 2058 793 2106 commentarios
831 2055 939 2123 (fol.
983 2055 1192 2123 27-43),
1233 2055 1439 2105 scholia
1482 2058 1539 2104 in
1578 2055 1838 2105 Verrinas

186 2143 295 2212 (fol.
353 2146 564 2214 44-64)‚
613 2145 819 2196 Valerii
877 2145 1060 2194 Flacci
1115 2144 1492 2210 Argonautica
1547 2161 1714 2210 usque
1769 2146 1838 2195 ad

186 2251 237 2284 v.
279 2236 380 2284 317
420 2234 545 2284 libri
583 2237 763 2300 quarti
789 2233 896 2302 (fol.
928 2234 1144 2302 65—94):
1186 2235 1317 2284 folia
1361 2237 1531 2284 18-26
1572 2237 1838 2301 scriptura

186 2327 402 2374 vacant.
478 2326 535 2373 in
563 2325 792 2389 singulis
818 2324 1043 2374 Asconii
1081 2326 1296 2390 paginis
1324 2324 1410 2373 vel
1438 2324 1837 2390 duodequadra-

187 2427 356 2476 genas
375 2411 463 2462 vel
483 2412 1004 2477 undequadragenas
1030 2412 1117 2462 vel
1139 2414 1350 2479 saepius
1376 2413 1753 2478 quadragenas
1779 2415 1837 2464 li-

188 2515 319 2550 neas
343 2503 667 2551 invenimus,
744 2504 1104 2552 correctiones
1130 2502 1390 2568 plurimas
1416 2502 1586 2551 codex
1613 2503 1836 2569 praebet

187 2589 276 2639 vel
300 2591 357 2639 in
383 2593 514 2657 ipsis
540 2591 719 2641 verbis
744 2586 844 2641 vel'
870 2594 1013 2641 inter
1049 2592 1222 2641 lineas
1243 2592 1331 2641 vel
1357 2594 1413 2640 in
1452 2595 1700 2657 margine
1726 2610 1835 2643 non

189 2678 362 2730 solum
387 2680 456 2729 ab
482 2682 598 2747 ipso
624 2681 836 2745 Poggio
875 2681 968 2731 sed
1006 2681 1074 2730 ab
1114 2681 1234 2730 aliis
1273 2683 1403 2731 viris
1430 2682 1603 2732 doctis
1636 2683 1832 2733 illatas.

101 2787 106 2792 ·
187 2785 326 2834 quae
344 2773 703 2820 correctiones
729 2773 872 2820 inter
898 2788 953 2820 se
981 2771 1238 2821 differunt
1263 2776 1319 2821 et
1338 2772 1642 2821 litterarum
1669 2771 1834 2822 ductu

189 2862 245 2908 et
290 2862 582 2909 atramenti
631 2861 823 2923 colore,
864 2862 957 2911 sed
1002 2878 1111 2911 non
1163 2879 1372 2928 semper
1421 2865 1604 2912 variae
1642 2880 1834 2913 manus

187 2949 330 2997 inter
369 2965 425 2997 se
463 2948 726 3015 distingui
777 2955 1028 3016 possunt:
1070 2967 1242 3017 neque
1292 2957 1478 3002 tamen
1522 2953 1832 3003 dubitamus

367 3114 392 3156 b
