2300 3528
367 712 404 745 31
426 709 494 744 KS

396 1168 439 1202 37
458 1167 492 1200 R

401 1860 445 1895 36
468 1860 498 1895 C

407 2090 453 2125 34
468 2090 497 2125 S

538 296 574 334 ’10
1218 294 1466 334 ASCONIVS

530 396 748 437 morienti
782 398 1068 447 extractum3
1101 395 1273 436 deinde
1304 394 1540 448 Milonem,
1574 408 1682 437 cum
1715 396 1858 438 sciret
1889 395 1937 437 in
1968 392 2152 438 Albano

528 472 778 526 parvolum
805 472 954 513 filium
982 470 1147 525 Clodii,
1171 471 1358 514 venisse
1381 472 1441 513 ad
1463 472 1628 514 villam
1651 475 1712 523 et,
1739 485 1847 515 cum
1882 485 2001 527 puer
2041 479 2152 515 ante

528 550 795 591 subtractus
826 551 959 602 esset,
987 560 1048 590 ex
1074 560 1212 591 servo
1244 548 1466 591 Halicore
1492 549 1814 603 quaestionem
1842 550 1909 591 ita
1931 549 2162 595 habuisse*

530 628 580 667 ut
611 637 719 667 eum
752 625 1042 668 articulatim
1074 628 1404 679 consecarent3
1446 626 1644 668 vilicum
1682 629 1729 668 et
1759 627 1874 668 duos
1905 629 2154 682 praeterea

528 715 690 745 servos
720 703 979 757 iugulasse3
1012 715 1072 744 ex
1104 703 1256 745 servis
1281 702 1446 757 Clodii,
1470 703 1551 757 qui
1573 692 2152 758 dominum'defenderint,

530 780 751 822 undecim
785 792 886 822 esse
927 780 1215 834 interfectos,
1256 780 1444 822 Milonis
1475 781 1592 822 duos
1622 781 1743 823 solos
1785 781 1969 823 saucios
2008 781 2156 824 factos

529 869 651 899 esse:
685 858 742 899 ob
776 869 897 911 quae
929 857 1152 899 Milonem
1183 859 1368 911 postero
1395 857 1471 899 die
1502 857 1595 899 XII
1625 869 1799 912 servos,
1833 858 1914 912 qui
1946 857 2154 900 maxime

529 946 720 989 operam
753 936 1021 984 navassent,
1058 934 1386 977 manumisisse
1425 935 1691 989 populoque
1723 934 1938 976 tributim
1969 934 2156 989 singula

529 1011 661 1053 milia
693 1012 816 1054 aeris
848 1012 908 1054 ad
930 1012 1250 1054 defendendos
1271 1012 1329 1054 de
1361 1011 1647 1054 se‘rumores
1679 1012 1876 1054 dedisse.
1932 1011 2043 1054 Milo
2069 1011 2155 1054 mi·

529 1088 641 1130 sisse
674 1089 734 1130 ad
781 1087 862 1130 Cn.
910 1089 1186 1143 Pompeium
1205 1088 1464 1142 dicebatur,
1495 1089 1575 1142 qui
1612 1089 1831 1143 Hypsaeo
1848 1100 2030 1131 summe
2061 1090 2154 1130 stu*

529 1165 684 1218 debat,
717 1165 841 1219 quod
874 1165 1030 1207 fuerat
1061 1165 1162 1207 eius
1194 1167 1428 1219 quaestor,
1455 1165 1681 1207 desistere
1707 1177 1757 1207 se
1789 1165 2015 1220 petitione
2048 1177 2154 1208 con⁶

529 1242 720 1295 sulatus,
753 1242 792 1284 si
825 1242 891 1283 ita
922 1242 965 1284 ei
998 1242 1263 1294 videretur3
1310 1242 1586 1296 Pompeium
1635 1242 1929 1296 respondisse
1975 1241 2156 1284 nemini

529 1331 578 1360 se
609 1331 764 1373 neque
804 1319 995 1373 petendi
1043 1331 1197 1373 neque
1246 1319 1500 1361 desistendi
1548 1322 1791 1361 auctorem
1838 1331 1951 1373 esse,
2001 1330 2156 1374 neque

529 1396 691 1450 populi
723 1395 773 1438 R.
807 1398 1086 1450 potestatem
1119 1398 1201 1438 aut
1237 1396 1432 1438 consilio
1480 1398 1562 1438 aut
1607 1396 1840 1438 sententia
1886 1395 2155 1451 interpella·

530 1476 703 1516 turum.
772 1473 944 1515 deinde
991 1485 1078 1528 per
1109 1472 1157 1515 C.
1190 1473 1442 1527 Lucilium,
1475 1473 1556 1527 qui
1589 1475 1782 1528 propter
1822 1473 1881 1515 M.
1915 1472 2157 1515 Ciceronis

531 1550 904 1593 familiaritatem
936 1551 1118 1593 amicus
1153 1553 1256 1592 erat
1295 1550 1472 1604 Miloni,
1506 1551 1657 1605 egisse
1689 1563 1875 1605 quoque
1909 1551 2158 1593 dicebatur

530 1639 589 1669 ne
622 1640 670 1670 se
703 1628 761 1670 de
793 1628 884 1670 hac
915 1640 966 1670 re
999 1627 1286 1670 consulendo
1318 1627 1502 1670 invidia
1534 1630 1766 1670 oneraret.

618 1704 749 1747 Inter
780 1705 899 1746 haec
931 1717 1039 1747 cum
1072 1704 1370 1746 crebesceret
1401 1716 1564 1746 rumor
1589 1703 1670 1746 Cn.
1699 1704 1983 1758 Pompeium
2002 1703 2155 1747 creari

531 1781 811 1823 dictatorem
844 1784 1060 1836 oportere
1092 1793 1247 1835 neque
1279 1780 1420 1823 aliter
1446 1781 1572 1823 mala
1598 1781 1808 1823 civitatis
1831 1781 1987 1824 sedari
2009 1792 2156 1836 posse,

531 1859 687 1901 visum
719 1861 789 1900 est
821 1858 1124 1913 optimatibus
1147 1858 1292 1900 tutius
1314 1870 1413 1900 esse
1437 1870 1545 1900 eum
1569 1858 1811 1900 consulem
1842 1858 1943 1900 sine
1975 1858 2158 1912 collega

532 1936 700 1990 creari,
734 1938 782 1978 et
812 1948 922 1978 cum
954 1938 1156 1978 tractata
1188 1948 1245 1977 ea
1266 1948 1341 1977 res
1363 1937 1484 1978 esset
1506 1936 1555 1977 in
1581 1937 1761 1989 senatu,
1785 1935 1908 1977 facto
1934 1935 1984 1977 in
2003 1935 2061 1977 M.
2083 1934 2157 1976 Bi-

531 2013 631 2054 buli
653 2013 936 2055 sententiam
959 2012 1000 2054 S.
1025 2011 1088 2066 C„
1111 2012 1360 2067 Pompeius
1382 2013 1441 2054 ab
1469 2012 1707 2066 interrege
1747 2010 1913 2054 Servio
1951 2011 2158 2066 Sulpicio

532 2090 572 2132 V
606 2090 709 2132 Kal.
742 2090 877 2132 Mart.
902 2102 1062 2132 mense
1085 2090 1388 2131 intercalario
1416 2090 1580 2131 consul
1602 2091 1790 2131 creatus
1812 2091 1882 2131 est
1906 2089 2158 2143 statimque

532 2167 827 2209 consulatum
860 2167 979 2212 iniit.
1043 2166 1215 2208 deinde
1237 2168 1341 2220 post
1362 2166 1488 2208 diem
1507 2149 1710 2208 tertium
1733 2166 1792 2208 de
1818 2165 2003 2220 legibus
2023 2165 2173 2208 novis-

620 2286 644 2311 2.
663 2283 831 2318 parvulum
853 2285 882 2311 S.
938 2283 1099 2311 invenisse
1121 2284 1194 2310 SM.
1266 2285 1292 2310 3.
1311 2282 1444 2310 talicore
1465 2283 1508 2309 M.
1580 2284 1605 2309 5.
1624 2288 1756 2310 servuos
1771 2282 1799 2309 S.
1871 2284 1897 2309 6.
1915 2280 2046 2310 Milonis
2059 2281 2156 2316 Pmyss,

531 2337 608 2364 milo
633 2338 664 2370 C,
687 2337 782 2365 milos
800 2338 860 2364 Ml.
969 2339 993 2364 8.
1014 2338 1188 2364 navassent
1208 2337 1241 2369 Ρ,
1265 2337 1440 2363 nanassent
1461 2336 1565 2370 Mmyss’,
1592 2336 1822 2375 navantessent
1841 2335 1871 2368 S,
1893 2336 2082 2380 narrassent
2099 2335 2171 2362 M¹.·

531 2411 609 2435 9-10.
628 2380 841 2436 ῐῃίὶοηίηιῗέεθ
861 2409 895 2440 Ρ,
919 2407 1032 2435 miloni
1054 2407 1150 2435 misse
1171 2408 1201 2440 S,
1225 2406 1302 2435 milo
1322 2406 1420 2434 misse
1440 2407 1483 2434 M.
1557 2408 1598 2433 10.
1618 2405 1672 2440 qui
1692 2405 1813 2439 Baiter,
1830 2405 1914 2440 quod
1933 2406 2005 2438 SM,
2028 2369 2109 2446 qgod
2126 2406 2160 2433 P.

532 2465 573 2487 11.
592 2442 753 2489 ferateeiis
773 2462 801 2488 S.
856 2463 986 2495 questor
1005 2462 1034 2488 S.
1125 2463 1167 2488 14.
1187 2460 1322 2488 consilio
1344 2462 1400 2488 aut
1418 2460 1582 2488 sententia
1600 2459 1740 2492 Richter,
1771 2458 1941 2486 consilium
1962 2460 2017 2486 aut
2035 2460 2161 2494 senten-

532 2513 610 2541 tiam
634 2516 664 2541 (J.
738 2516 779 2541 15.
798 2513 957 2541 lucillium
978 2515 1006 2540 P
1015 2514 1056 2540 M.
1130 2516 1171 2540 18.
1191 2512 1409 2540 crebresceret
1427 2513 1462 2543 Ρ,
1487 2514 1647 2540 cresceret
1666 2512 1708 2539 M.
1745 2511 1933 2545 Pompeium
1953 2512 2034 2545 Ven„
2056 2518 2113 2539 om.
2131 2512 2162 2539 C.

532 2569 573 2594 19.
593 2568 739 2600 oportere
760 2574 863 2600 neque
878 2567 1016 2600 silacia-2¹51,
1039 2573 1142 2600 neque
1163 2567 1309 2600 oportere
1328 2567 1358 2593 C.
1432 2568 1474 2592 20.
1494 2573 1565 2592 cum
1580 2566 1666 2592 S1M.
1739 2567 1781 2591 21.
1801 2566 1905 2592 tracta
1919 2566 1948 2592 S.
2019 2566 2063 2592 28.
2080 2563 2114 2592 11
2132 2565 2161 2592 S.

578 2650 821 2695 2parvolum
843 2650 963 2685 filium
978 2649 1118 2686 Clodii:
1144 2650 1238 2684 CIL.
1258 2649 1310 2684 VI
1384 2649 1476 2694 3-43
1518 2649 1647 2694 App.
1690 2649 1722 2683 b.
1761 2659 1789 2683 e.
1827 2648 1866 2683 II
1908 2649 1977 2693 203
2019 2648 2160 2684 Plut.

532 2704 769 2748 12823Va1.
797 2703 916 2738 Max.
939 2703 997 2737 III
1018 2703 1050 2747 5,
1071 2703 1111 2747 33
1137 2702 1232 2738 Cic.
1259 2703 1311 2737 ad
1389 2702 1490 2737 Caes.
1518 2703 1574 2738 28.

531 2757 608 2791 Att.
636 2756 726 2791 XIV
753 2757 797 2790 13
812 2766 849 2800 Λ,
877 2757 962 2800 2-3;
989 2756 1034 2790 13
1047 2766 1083 2800 B,
1110 2756 1190 2790 4-5.
1430 2756 1476 2791 20
1502 2757 1629 2790 visum
1656 2758 1714 2790 est
1741 2758 1833 2790 etc.:
1859 2755 1980 2800 App.
2006 2754 2046 2789 II
2069 2754 2125 2790 23.

580 2810 622 2844 11
650 2812 853 2854 quaestor:
880 2820 917 2845 a.
940 2809 995 2844 66.
1200 2846 1204 2849 ,
1431 2810 1474 2844 21
1502 2809 1542 2843 in
1556 2809 1606 2844 M.
1622 2808 1750 2843 Bibuli
1764 2809 2018 2844 sententiam:
2037 2807 2160 2843 Plut.

579 2863 625 2897 15
649 2862 689 2898 C.
716 2862 921 2897 Lucilium.
948 2861 988 2897 C.
1014 2861 1188 2896 Lucilius
1223 2862 1308 2896 Hir·
1383 2863 1519 2906 Pomp.
1546 2861 1610 2906 54;
1640 2861 1727 2897 Cat.
1747 2863 1843 2896 min.
1870 2861 1935 2907 473
1967 2861 2058 2896 Dio
2092 2860 2162 2896 XL

532 2926 608 2961 rus,
635 2919 680 2950 tr.
701 2915 749 2960 pl.
777 2925 810 2950 a.
831 2915 895 2950 53:
914 2914 1050 2949 cfr.H.
1077 2914 1206 2959 Pais,
1234 2916 1307 2949 Fa·
1382 2915 1439 2960 50,
1466 2915 1547 2950 3-4.

531 2971 582 3004 sti
607 2969 691 3003 trib.
712 2969 769 3013 pl.
796 2978 831 3013 p.
859 2968 937 3002 118.
1430 2968 1476 3002 22
1498 2967 1633 3003 Servio
1652 2967 1842 3013 Sulpicio:
1863 2967 2021 3003 Servius
2038 2966 2161 3013 Sulpi-

581 3023 625 3056 18
650 3021 757 3055 Inter
782 3021 879 3055 haec
907 3024 999 3055 etc.:
1031 3019 1121 3054 Dio
1154 3019 1224 3055 XL
1251 3021 1306 3065 50,
1383 3021 1468 3056 cius
1494 3020 1628 3066 Rufus,
1656 3031 1760 3057 cons.
1788 3031 1820 3056 a.
1848 3022 1903 3057 51.

2192 1095 2238 1130 10

2194 1481 2239 1515 15

2194 1866 2241 1901 20
