2300 3528
429 294 483 332 VI
1037 294 1077 330 C.
1104 292 1440 330 GIARRATANO

431 413 543 445 esse
582 396 873 457 dicebatur,
914 398 1091 460 gratia
1123 412 1184 445 eo
1222 398 1565 461 perreximus,
1641 397 1716 445 ibi
1753 399 1904 450 inter,
1931 413 2052 446 con-

430 486 773 534 fertissimam
811 484 1067 533 librorum
1105 487 1330 550 copiam,
1370 501 1500 550 quos
1543 485 1766 550 longum
1803 489 1942 535 esset
1979 501 2053 535 re-

430 590 659 635 censere,
703 572 1097 631 Quintilianum
1134 575 1426 638 reperimus
1453 574 1627 623 adhuc
1666 574 1874 624 salvum
1899 578 1954 624 et
1978 576 2053 623 in-

429 663 707 723 columem,
748 662 967 727 plenum
992 666 1175 711 tamen
1215 665 1320 711 situ
1359 666 1414 711 et
1451 662 1668 728 pulvere
1702 663 2050 728 squalentem.

430 754 584 800 erant
624 752 768 799 enim
806 766 913 799 non
951 752 1006 798 in
1045 750 1373 799 bibliotheca
1398 754 1458 799 ut
1484 767 1666 800 eorum
1703 751 1941 816 dignitas
1966 767 2054 818 po-

429 839 681 901 stulabat,
723 839 814 888 sed
851 842 907 887 in
933 841 1209 889 teterrimo
1247 840 1478 905 quodam
1505 843 1559 889 et
1584 840 1806 889 obscuro
1826 856 2052 902 carcere,

428 927 593 979 fundo
632 927 838 976 scilicet
875 929 1031 977 unius
1078 929 1240 978 turris
1288 944 1391 993 quo
1441 944 1508 977 ne
1553 928 1800 994 capitalis
1838 928 2055 993 quidem

428 1019 505 1066 rei
543 1016 785 1065 damnati
824 1015 1336 1066 detruderentur..
1358 1056 1396 1066 ..
1449 1019 1740 1082 reperimus
1778 1019 2086 1083 'praeterea-

429 1105 592 1154 libros
618 1108 726 1154 tres
753 1106 951 1170 primos
972 1108 1027 1153 et
1046 1104 1326 1154 dimidiam
1352 1107 1529 1170 quarti
1555 1104 1612 1155 C.
1643 1105 1848 1156 Valerii
1873 1105 2080 1155 Flacci.

428 1194 840 1258 Argonauticon
879 1197 933 1242 et
971 1195 1330 1259 expositiones
1369 1197 1646 1259 tamquam
1672 1195 1858 1243 thema
1893 1194 2052 1259 quod-

429 1281 555 1331 dam
583 1298 740 1347 super
765 1285 885 1330 octo
923 1281 1196 1331 Ciceronis
1235 1283 1565 1332 orationibus
1605 1281 1664 1341 Q.
1706 1281 1929 1332 Asconii
1960 1282 2055 1332 Pe-

429 1370 592 1431 diani,
651 1370 1072 1435 eloquentissimi
1121 1373 1238 1432 viri,
1290 1371 1355 1420 de
1410 1371 1601 1436 quibus
1647 1373 1760 1437 ipse
1809 1373 2057 1421 meminit

431 1458 809 1517 Quintilianus,
884 1459 1018 1508 haec
1056 1475 1177 1508 mea
1201 1476 1366 1509 manu
1399 1462 1712 1526 transcripsi
1750 1463 1805 1509 et
1841 1459 2056 1525 quidem

429 1545 684 1595 velociter
721 1549 782 1594 ut
819 1562 882 1594 ea
919 1548 1191 1595 mitterem
1219 1536 1286 1595 ad
1312 1547 1653 1596 Leonardum
1685 1546 1974 1596 Aretinum
2002 1550 2058 1596 et

428 1635 711 1684 Nicolaum
740 1635 1133 1698 Florentinum3
1175 1638 1266 1700 qui
1292 1652 1415 1685 cum
1441 1653 1473 1684 a
1498 1653 1584 1685 me
1622 1637 1780 1685 huius
1817 1636 2057 1686 thesauri

430 1723 869 1774 adinventionem
887 1726 1281 1788 cognovissent,
1310 1725 1493 1773 multis
1520 1741 1552 1773 a
1577 1741 1663 1773 me
1688 1724 1865 1774 verbis
1897 1723 2058 1783 Quin·
2120 1790 2124 1795 .
2195 1778 2198 1781 ,

428 1812 680 1862 tilianum
717 1829 811 1878 per
837 1828 958 1862 suas
984 1812 1193 1862 litteras
1219 1829 1381 1878 quam
1418 1816 1651 1878 primum
1689 1814 1757 1862 ad
1795 1829 1885 1863 eos
1910 1815 2058 1862 mitti

429 1901 835 1952 contenderunt.
912 1901 1093 1962 habes,
1134 1903 1209 1951 ini
1261 1903 1575 1950 suavissime
1625 1901 1876 1963 Guarine,
1916 1901 2067 1967 quod·

428 1989 495 2037 ab
533 1990 750 2038 homine
787 1989 888 2038 tibi
926 1989 1257 2039 deditissimo
1285 1990 1352 2038 ad
1379 2006 1629 2055 praesens
1669 1990 1832 2038 tribui
1861 1992 2054 2055 potest.

430 2078 623 2126 vellem
649 2081 703 2127 et
728 2080 964 2143 potuisse
989 2078 1185 2126 librum
1222 2081 1605 2139 transmittere,
1648 2078 1739 2127 sed
1777 2077 2056 2128 Leonardo

430 2170 611 2216 nostro
651 2169 780 2216 satis
819 2167 1130 2216 faciundum
1178 2168 1294 2216 fuit.
1381 2183 1566 2216 verum
1612 2169 1713 2216 scis
1752 2183 1855 2232 quo
1894 2169 1964 2216 sit
2000 2168 2057 2215 in

429 2255 560 2316 loco,
601 2259 661 2304 ut
700 2258 743 2304 si
783 2272 904 2304 eum
948 2255 1094 2304 voles
1143 2255 1340 2305 habere
1389 2253 1536 2320 (puto
1587 2258 1767 2305 autem
1803 2259 1859 2304 te
1895 2271 2056 2320 quam

430 2346 662 2408 primum
687 2343 843 2411 velle)
868 2344 1025 2392 facile
1052 2343 1106 2391 id
1131 2346 1384 2408 consequi
1415 2343 1612 2392 valeas,
1688 2343 2054 2404 Constantiae,

429 2431 623 2482 XVIII
643 2431 918 2480 Kalendas
938 2431 1217 2481 Ianuarias
1244 2447 1385 2480 anno
1406 2431 1608 2480 Christi
1640 2433 1770 2480 1417
1794 2451 1840 2481 ».
1917 2431 2050 2480 haec

431 2520 617 2570 eadem
643 2521 752 2569 fere
779 2520 943 2569 verba
967 2522 1304 2585 reperiuntur
1330 2522 1385 2568 in
1413 2519 1656 2585 epistula,
1684 2530 1845 2584 quam
1871 2520 2056 2569 eadem

430 2609 495 2657 de
521 2625 577 2657 re
603 2609 842 2673 Poggius
868 2609 936 2657 ad
961 2608 1221 2657 Ioannem
1247 2608 1538 2658 Corvinum
1563 2607 1877 2657 Arretinum
1910 2610 2059 2656 misit

429 2693 534 2760 (Ad
587 2697 839 2760 epistulas
888 2684 1163 2746 Francis'ci
1207 2696 1438 2746 Barbari
1492 2696 1753 2757 Diatriba,
1810 2712 1860 2761 p.
1906 2710 2056 2756 11—1v‚

431 2784 663 2846 Brixiae,
705 2801 750 2834 a.
798 2783 963 2852 1741).

537 2872 786 2922 Alterum
823 2873 1013 2922 doctae
1040 2872 1182 2920 illius
1208 2860 1654 2937 peregrinationis
1689 2874 2057 2921 testimonium

432 2960 584 3009 nobis
621 2960 842 3026 praebet
879 2961 1096 3010 Cincius
1134 2961 1422 3021 Romanus,
1463 2962 1554 3025 qui
1591 2950 1734 3010 haud
1771 2960 2000 3010 multum
2026 2976 2059 3008 a
