2300 3528
361 435 436 470 60

358 1262 467 1297 6ΙίιὸΥ

363 1571 433 1605 7Ιί

502 259 524 292 8
1186 256 1432 292 ASCONIVS

503 352 798 393 consulatum
832 351 1071 394 Ciceronis
1102 351 1337 394 XXXVII
1356 351 1556 404 fecefint.
1618 351 1699 393 sed
1721 351 1800 394 hic
1825 363 1919 393 non
1943 350 2129 394 subtilis

503 429 787 482 computatio
811 441 1042 470 annorum
1056 428 1191 470 facta
1210 430 1291 481 est,
1315 440 1483 470 verum
1507 427 1778 470 summatim
1800 430 1985 482 tempus
2003 439 2128 470 com-

502 505 787 558 prehensum
821 508 902 559 est,
936 507 987 546 ut
1017 505 1215 559 proinde
1247 503 1499 546 debeamus
1525 505 1742 559 accipere
1775 517 1831 546 ac
1861 504 1900 546 si
1932 503 2133 558 dixeritz,

501 594 646 635 prope
678 582 857 623 XXXX
888 574 1037 624 annis.
1101 582 1221 623 haec
1252 581 1541 623 consuetudo
1574 582 1622 623 in
1655 581 1801 636 ipsius
1833 580 2130 624 orationibus

501 659 590 700 est:
625 659 785 712 itaque
813 659 939 700 idem
972 642 1137 700 Cicero
1162 658 1211 699 in
1246 670 1303 699 ea
1333 670 1534 712 quoque,
1562 670 1703 712 quam
1736 657 1904 700 habuit
1924 658 1974 700 in
2005 656 2128 702 Cati-

501 735 648 777 linam
675 735 724 777 in
756 738 935 788 senatu,
960 747 1068 777 cum
1091 737 1288 778 octavus
1309 735 1523 776 decimus
1540 735 1641 777 dies
1666 738 1788 776 esset
1817 737 1920 790 post
1950 735 2128 779 factum

501 814 690 853 senatus
722 812 1002 865 consultum,
1028 814 1078 852 ut
1109 812 1330 854 viderent
1354 812 1570 854 consules
1601 823 1660 853 ne
1693 811 1806 865 quid
1839 823 1914 853 res
1938 811 2130 866 publica

501 889 772 930 detrimenti
806 891 1010 942 caperet,
1045 888 1167 930 dixit
1199 888 1482 942 vigesimum
1510 889 1635 930 diem
1658 887 1834 930 habere
1865 887 1908 930 S.
1931 886 1979 930 C.
2011 890 2128 931 tam-

501 978 644 1019 quam
676 966 728 1006 in
760 966 938 1020 vayina
969 965 1286 1008 reconditum.

944 1089 1056 1133 CIR.
1090 1090 1255 1133 VERS.
1283 1091 1323 1132 A
1355 1089 1543 1133 PRIMO
1576 1089 1687 1132 CCC

591 1181 634 1231 (ξ
667 1176 731 1235 6.)
764 1179 880 1233 Ego
912 1192 1041 1221 cum
1075 1179 1134 1221 in
1176 1179 1454 1221 contione
1501 1179 1716 1220 abiens
1762 1177 2131 1232 magistratu

500 1255 709 1297 dicere
742 1268 770 1297 a
811 1256 1062 1297 tribuno
1110 1256 1177 1310 pl.
1211 1256 1566 1309 prohiberer
1611 1267 1761 1309 quae
1798 1254 2130 1296 constitue-

500 1344 643 1386 ram,
667 1344 795 1373 cum
827 1332 876 1373 is
902 1332 1041 1374 mihi
1075 1332 1479 1374 tantummodo
1505 1331 1705 1374 iurare
1730 1331 2130 1387 permitteret,

500 1410 632 1456 sine
680 1410 806 1451 ulla
852 1409 1228 1451 dubitatione
1275 1409 1481 1451 iuravi
1525 1421 1648 1450 rem
1681 1421 1724 1462 p.
1758 1410 1935 1462 atque
1980 1407 2132 1459 hanc

502 1487 711 1528 urbem
744 1499 862 1528 mea
894 1486 1069 1528 unius
1101 1498 1277 1540 opera
1309 1498 1434 1527 esse
1466 1486 1722 1528 salvam.
1807 1470 1809 1473 Α

588 1563 809 1605 Diximus
830 1564 925 1605 iam
948 1566 1088 1605 antea
1111 1576 1139 1605 a
1170 1562 1223 1615 Q.
1256 1563 1444 1605 Metello
1475 1562 1653 1617 Nepote
1686 1564 1741 1604 tr.
1769 1562 1831 1616 pl.
1853 1560 2132 1605 Ciceronem

502 1640 748 1681 consulatu
774 1641 1027 1682 abeuntem
1046 1640 1335 1694 prohibitum
1358 1652 1458 1681 esse
1480 1639 1743 1681 contionari
1765 1627 1824 1680 de
1850 1638 1992 1680 rebus
2015 1649 2133 1693 quas

437 1706 440 1708 ¹
502 1717 551 1757 in
585 1729 640 1759 eo
672 1717 951 1770 magistratu
983 1717 1138 1770 gessit.

361 2080 436 2114 713

917 1827 1029 1871 CIR.
1063 1828 1196 1870 VER.
1231 1828 1272 1870 A
1303 1827 1490 1870 PRIMO
1517 1826 1719 1869 CCCXX

503 1917 619 1958 dicit
650 1918 708 1958 de
741 1918 865 1959 ludis
896 1917 1258 1972 Compitaliciis:

594 1996 636 2045 (ξ
660 1995 719 2046 8.)
753 1992 896 2046 Quos
928 1992 989 2045 Q.
1016 1993 1274 2034 Metellus
1306 1991 1467 2048 [Isieri
1500 1989 1710 2048 vetuitfl
1737 2016 1795 2021 ——
1817 1990 1960 2033 facio
1991 1990 2133 2032 iniu-

505 2070 643 2111 riam
671 2071 975 2112 fortissimo
1002 2070 1123 2112 viro
1150 2072 1386 2123 mortuo,
1415 2069 1505 2123 qui
1533 2069 1714 2122 illum,
1741 2068 1907 2111 cuius
1932 2078 2135 2123 paucos

592 2178 616 2202 2.
635 2182 789 2202 annorum
811 2176 838 2201 P
848 2177 889 2208 Μ,
1046 2176 1075 2201 S.
1133 2176 1257 2208 tempus
1271 2174 1305 2207 Ρ,
1328 2194 1426 2202 ......
1442 2175 1516 2201 SM.
1588 2176 1613 2201 3.
1633 2173 1806 2200 debeamus
1819 2172 2130 2206 Kiessliny-Sehoell‚

503 2226 510 2232 ’
520 2247 615 2254 ......
636 2228 700 2260 SP,
723 2248 889 2255 ..........
908 2229 950 2254 Μ.
997 2227 1117 2254 dixerit
1136 2227 1302 2260 mamus,
1319 2226 1439 2254 vixerit
1462 2227 1492 2254 C.
1546 2228 1571 2254 4.
1592 2225 1686 2253 annis
1766 2224 1826 2252 hec
1845 2245 1870 2253 ..
1889 2225 1924 2258 P,
1941 2224 2035 2252 annis
2053 2223 2134 2253 haec
2162 2222 2164 2224 ’

503 2282 547 2314 M,
570 2301 719 2308 .........
739 2282 768 2308 S.
853 2282 913 2308 4-5.
934 2280 1132 2307 orationibus
1153 2282 1202 2307 est
1222 2280 1343 2313 Baiter,
1367 2300 1482 2307 .......
1502 2281 1525 2306 S
1526 2297 1792 2312 ..............
1811 2278 1890 2305 ΡΜ.
1965 2279 1990 2305 5.
2009 2283 2134 2311 quoque

503 2342 597 2367 quam
628 2333 740 2361 habuit
768 2334 846 2367 PM,
888 2340 949 2367 quo
961 2352 1040 2361 .....
1060 2334 1089 2360 S.
1179 2335 1204 2360 6.
1223 2332 1256 2359 in
1283 2334 1397 2359 senatu
1416 2332 1525 2366 itaque
1544 2331 1629 2359 idem
1649 2329 1756 2371 Cicero
1775 2331 1818 2358 M.
1873 2337 1943 2357 cum
1965 2329 2131 2363 Lodoicm,

504 2387 550 2413 ait
649 2388 683 2419 P,
717 2386 763 2414 ait
791 2406 887 2413 ......
915 2387 958 2419 Μ,
999 2405 1113 2413 .......
1134 2386 1163 2412 S.
1225 2386 1311 2411 esset
1338 2385 1504 2418 Lodoicus,
1538 2386 1587 2411 est
1620 2384 1650 2411 0.
1713 2384 1784 2417 post
1812 2382 1933 2410 factum
1961 2381 2135 2416 Kios-’lina-

504 2458 633 2490 Schoell,
657 2477 663 2484 .
678 2457 807 2484 ...facto
828 2458 858 2491 S,
882 2459 1092 2491 posteaquam
1122 2455 1218 2483 scivit
1238 2457 1281 2489 M,
1304 2427 1493 2489 posthuam
1522 2426 1669 2492 factng.
1740 2456 1765 2480 7.
1784 2453 1910 2481 videret
1929 2454 2003 2481 SM.
2051 2459 2134 2481 coss.

505 2512 527 2537 S
544 2511 579 2543 P,
603 2510 713 2537 consul
734 2511 776 2537 M.
880 2512 905 2537 8.
924 2510 1008 2536 diem
1038 2510 1119 2542 PM,
1251 2510 1280 2535 S.
1371 2510 1396 2535 9.
1422 2508 1454 2534 in
1484 2507 1606 2542 vagina
1633 2506 1832 2535 reconditum
1857 2506 1927 2540 Cic„
1949 2513 2007 2534 om.
2025 2506 2056 2540 S,
2079 2506 2135 2534 lac.

506 2564 544 2591 12
563 2564 621 2590 litt.
640 2565 675 2596 P,
699 2564 745 2590 20
765 2564 807 2590 M.
881 2566 923 2590 10.
943 2571 1000 2590 om.
1020 2563 1063 2589 M.
1100 2561 1222 2588 CIRCA
1242 2562 1276 2588 P.
1351 2564 1392 2588 11.
1412 2561 1524 2588 abiens
1544 2562 1579 2594 P,
1605 2560 1717 2587 abiens
1736 2559 1843 2594 (abien
1863 2559 1896 2594 S)
1915 2579 2044 2588 ........
2060 2559 2134 2587 SM.

506 2619 547 2643 12.
567 2616 674 2643 dicere
695 2624 714 2643 a
734 2618 771 2643 tr.
790 2616 831 2650 pl.
851 2616 880 2648 S,
931 2623 951 2643 a
971 2618 1008 2644 tr.
1028 2615 1069 2649 pl.
1090 2615 1197 2642 dicere
1218 2615 1253 2647 P,
1305 2622 1324 2641 a
1344 2615 1380 2641 tr.
1406 2614 1448 2647 pl.
1474 2613 1580 2641 dicere
1601 2620 1621 2640 a
1640 2613 1742 2640 tribus
1770 2612 1874 2646 plebis
1893 2613 1936 2639 M.
1989 2610 2136 2646 prohibe-

505 2676 557 2696 rer
576 2669 611 2701 P,
651 2667 820 2702 prohibere
840 2669 914 2695 SM.
969 2675 1050 2701 quae
1072 2668 1102 2700 S,
1144 2674 1244 2700 eaque
1266 2667 1343 2693 PM.
1423 2668 1464 2694 13.
1485 2672 1618 2699 cumque
1643 2665 1703 2693 Cic.
1757 2664 1865 2692 fiii-are
1885 2665 1918 2698 S,
1940 2666 1976 2692 ut
1994 2664 2134 2692 iurarem

511 2722 570 2750 Cic.
643 2724 685 2748 14.
705 2729 771 2748 rem
792 2729 819 2755 p.
918 2722 961 2748 M.
1070 2722 1111 2747 17.
1135 2727 1198 2747 cos.
1227 2719 1395 2746 consulatu
1425 2718 1533 2746 hiltem
1555 2719 1584 2746 S.
1640 2718 1789 2746 contioni
1808 2719 1838 2745 S.
1946 2719 1989 2745 19.
2016 2724 2073 2745 om.
2090 2717 2135 2744 M.

505 2774 626 2801 CIRCA
647 2775 680 2802 P.
754 2777 796 2801 21.
818 2774 904 2806 Quos
924 2773 961 2805 Q.
981 2774 1016 2806 P,
1057 2779 1198 2806 quosque
1219 2773 1294 2799 SM.
1349 2771 1420 2799 fieri
1440 2771 1543 2799 vetuit
1567 2771 1598 2804 C,
1622 2771 1679 2798 del.
1698 2771 1782 2798 Rau.

554 2859 575 2893 5
601 2859 639 2892 in
659 2868 706 2892 ea
724 2867 885 2904 quoque·
900 2860 973 2892 etc.
992 2858 1033 2890 in
1056 2856 1135 2890 Cat.
1157 2855 1174 2889 I
1196 2843 1228 2900 ΞΣ,
1250 2855 1282 2889 4.
1406 2856 1449 2890 17
1475 2854 1711 2899 prohibitum
1734 2864 1820 2895 esse
1838 2856 1931 2890 etc:
1960 2853 2060 2889 Cic.
2078 2852 2132 2888 ad

555 2919 594 2952 11
625 2917 709 2962 Ego
729 2927 816 2951 cum
837 2917 875 2950 in
898 2916 1080 2950 contione
1095 2918 1189 2949 etc:
1216 2916 1282 2949 cfr.
1356 2914 1455 2958 fam.
1476 2914 1510 2948 V
1530 2914 1562 2958 2,
1585 2914 1671 2957 6—83
1698 2913 1828 2948 Plut.
1859 2912 1931 2948 Cic.
1952 2913 2016 2957 233
2042 2912 2131 2948 Dio

508 2976 736 3011 Muelleri
766 2975 837 3010 Cic.
864 2975 915 3009 IV
941 2975 964 3008 3
990 2984 1025 3018 p.
1053 2974 1203 3008 269-71.
1356 2972 1542 3007 XXXVII
1567 2972 1623 3016 38,
1650 2972 1682 3007 2.

2166 1097 2214 1133 10

2169 1491 2215 1527 15
