2300 3528
419 260 455 295 X
1023 258 1062 294 C.
1090 257 1427 294 GIARRATANO

420 364 548 426 quin
574 363 1001 409 coniecturarum
1026 360 1186 422 longe
1212 359 1472 423 plurimae
1505 361 1669 424 ipsius
1694 361 1891 425 Poggii
1917 363 2040 410 sint.

420 449 615 498 codicis
655 448 971 513 subscriptio
1009 449 1142 496 haec
1180 451 1286 496 est:
1330 447 1380 499 C.
1409 449 1577 497 valeri
1599 449 1750 511 flacci
1786 464 2044 512 aryonau-

420 538 570 587 ticon.
647 539 760 586 Hoc
796 538 1099 599 fraymenffl
1135 536 1346 600 repertii
1384 540 1459 584 est
1493 537 1550 585 in
1587 538 1902 587 monasterio
1926 533 2044 588 san*
2078 601 2080 603 ‚

419 626 487 674 cti
518 625 653 687 yallz‘
681 640 852 687 prope
890 625 1184 673 constantia
1226 627 1351 673 .XX.
1393 625 1600 674 milibus
1636 640 1897 688 passuum
1933 641 2045 676 una

419 715 483 762 cio
517 717 670 776 parte
715 714 772 776 Q.
814 714 1015 762 asconii
1043 713 1280 775 pediam.
1358 714 1484 762 deus
1510 714 1758 763 concedat
1790 715 1959 776 alteri,
1988 718 2067 764 ἀι’

419 806 697 864 utrumque
735 817 867 864 opus
904 801 1135 864 reperiat
1163 804 1473 864 perfectum.
1558 804 1669 851 Nos
1708 803 1847 864 quod
1881 803 2045 866 potui-
2132 831 2135 838 ,

421 906 535 940 mus
573 891 785 952 emmim.
826 890 1052 953 Poyyius
1090 891 1413 951 florentinus

524 978 746 1027 Asconii
785 978 999 1042 quidem
1038 983 1092 1026 et
1130 979 1333 1028 Valerii
1376 979 1557 1027 Flacci
1595 979 1716 1027 libri
1754 979 1822 1028 ab
1861 979 2047 1028 eadem

419 1083 582 1115 manu
621 1069 804 1132 scripti
833 1071 971 1127 sunt,
1000 1070 1188 1115 contra
1226 1066 1492 1130 Sigeberti
1518 1066 1822 1117 Chronicon
1848 1067 1916 1116 ab
1942 1067 2048 1116 alio

420 1155 593 1204 scriba
613 1156 915 1204 confectum
936 1159 1122 1220 postea
1147 1172 1269 1203 cum
1289 1157 1354 1203 iis
1375 1156 1628 1205 cohaesit.
1687 1171 1858 1220 neque
1884 1157 2044 1216 enim,

419 1247 479 1293 ut
494 1243 910 1306 Schmiedeberg
929 1243 1125 1303 docuit,
1143 1243 1360 1291 eaedem
1382 1243 1720 1307 Sigebertum
1736 1259 1873 1308 quae
1884 1243 2047 1293 Asco-

420 1334 569 1380 nium
584 1335 639 1380 et
650 1332 928 1381 Valerium
942 1332 1194 1380 Flaccum
1210 1319 1428 1381 chartae
1445 1332 1723 1382 exhibent:
1739 1334 1869 1397 quin
1885 1334 2048 1382 etiam

420 1420 586 1469 codex
602 1420 950 1480 Matritensis,
964 1436 1085 1468 cum
1107 1422 1277 1468 maior
1291 1420 1418 1469 olim
1439 1421 1627 1469 fuisset
1641 1419 1802 1485 quam
1816 1423 2049 1485 quicum

421 1508 686 1571 Sigeberti
706 1507 841 1556 libro
868 1512 991 1572 apte
1019 1511 1343 1571 iungeretur,
1366 1509 1556 1557 leviter
1582 1510 1924 1558 circumcisus
1951 1513 2047 1559 est.

421 1600 608 1645 contra
634 1613 756 1644 cum
795 1597 975 1645 codice
1014 1597 1318 1645 Matritensi
1345 1597 1399 1644 X
1426 1601 1488 1646 81
1520 1598 1647 1646 olim
1674 1597 1946 1646 coaluerat
1970 1614 2050 1647 co-

420 1685 521 1734 dex
548 1685 619 1734 M.
650 1688 711 1732 31
743 1685 977 1733 eiusdem
1018 1685 1389 1745 bibliothecae,
1419 1688 1474 1734 in
1502 1702 1604 1750 quo
1631 1686 1843 1734 Manilii
1867 1684 2050 1735 Astro-

419 1776 631 1823 nomica
669 1777 723 1822 et
760 1773 921 1822 Statii
962 1773 1140 1822 Silvae
1179 1777 1523 1822 continentur
1566 1773 1676 1840 (cfr.
1717 1774 1953 1835 Clark,
1993 1776 2049 1823 in

419 1863 581 1928 praef.
612 1862 736 1910 edit.
766 1861 961 1911 Ascon.
1003 1880 1050 1927 p.
1092 1878 1208 1912 XVII
1235 1862 1389 1930 sqq.):
1433 1863 1523 1911 sed
1562 1879 1704 1911 nunc
1741 1862 1807 1911 de
1843 1863 1945 1912 hoc
1970 1878 2050 1912 co-

419 1951 536 1999 dice
562 1950 669 1998 alia
695 1950 888 1998 addere
915 1966 1022 1999 non
1050 1953 1263 2012 attinet,
1301 1951 1369 1999 ad
1395 1951 1547 1999 illum
1574 1950 1958 2006 statimredeo.

525 2041 776 2090 Codicem
833 2042 1205 2089 Matritensem
1261 2042 1462 2105 primus
1513 2043 1751 2090 omnium
1788 2040 2051 2089 indicavit

419 2129 599 2178 Knust
636 2128 746 2196 (cfr.
787 2130 1008 2189 PertZ,
1049 2129 1244 2178 Archiv
1272 2130 1364 2178 der
1405 2131 1749 2192 Gesellsclzaft
1770 2132 1864 2192 fiir
1888 2129 2051 2178 ciltere

421 2219 660 2267 deutsche
722 2218 1194 2270 Geschichtslczmde
1243 2217 1380 2266 VIII
1442 2219 1558 2284 152)
1608 2221 1662 2266 et
1710 2217 2051 2266 contulerunt

420 2306 583 2356 Clark
609 2306 794 2373 (Clas-5.
823 2307 1044 2367 Review,
1073 2323 1120 2371 p.
1152 2308 1393 2366 301-305,
1428 2306 1579 2373 1896)
1605 2309 1658 2354 et
1684 2305 1916 2354 Skutsch
1935 2302 2047 2368 (cfr.

423 2395 951 2458 Schmiedeberg,
992 2395 1024 2443 1.
1054 2411 1097 2443 c.
1127 2411 1175 2459 p.
1208 2393 1281 2460 7):
1322 2410 1490 2459 nuper
1514 2394 1647 2442 lucis
1683 2409 1842 2458 opera
1867 2382 2050 2456 imagi—

421 2500 543 2531 nem
598 2485 709 2532 eius
772 2482 1174 2548 exprimendam
1230 2484 1439 2530 curavit
1495 2481 1686 2545 Stangl
1724 2479 1880 2547 (Berl.
1912 2481 2048 2544 phil.

433 2574 785 2622 Woclzenschr.
815 2589 863 2636 p.
895 2573 1135 2631 637-639,
1165 2569 1329 2636 1910).
1394 2559 1506 2635 ipse
1532 2585 1673 2618 anno
1705 2571 1836 2618 1905
1864 2585 1897 2618 a
1921 2571 2050 2618 viris

420 2660 778 2708 bibliothecae
805 2661 1110 2708 Matritensi
1143 2661 1455 2724 praepositis
1482 2660 1767 2724 impetravi
1804 2661 1865 2706 ut
1883 2657 2050 2707 codex

421 2749 509 2796 ille
547 2748 827 2813 Neapolim
856 2750 911 2795 in
938 2764 1116 2795 meum
1154 2764 1308 2795 usum
1346 2749 1650 2795 mitteretur
1687 2748 1903 2810 eiusque
1929 2747 2049 2806 scri-

420 2841 603 2902 pturas
642 2838 770 2884 iuris
809 2836 1008 2901 publici
1048 2838 1233 2884 statim
1268 2837 1373 2884 feci
1404 2834 1516 2899 (cfr.
1548 2835 1702 2888 Studz‘
1737 2835 1957 2884 Italiam
1992 2835 2049 2883 di

423 2925 680 2987 Filoloyia
716 2925 952 2985 classica,
977 2936 1042 2989 p.
1090 2926 1344 2983 197-205,
1385 2940 1431 2973 a.
1478 2923 1643 2990 1906).
