2300 3528
871 273 1168 310 PRAEFATIO
1225 278 1227 281 ’
1730 272 1840 309 XVII

196 361 479 427 conisensui
524 377 772 426 codicum
810 378 856 426 P
895 381 950 426 et
987 378 1044 426 M
1083 378 1255 426 maior
1294 362 1588 426 auctoritas
1640 362 1717 426 sit
1749 379 1839 425 tri-

195 451 430 528 buenda
493 466 614 516 dico
677 466 926 532 equidem
987 482 1308 531 unoquoque
1371 466 1487 515 loco
1550 466 1839 516 lectionem

193 558 479 622 utramque
516 572 612 622 per
651 573 706 605 se
746 555 1195 605 considerandam
1228 572 1358 606 esse.

300 643 528 695 Asconii
555 646 720 695 editio
758 648 1007 712 princeps
1048 645 1296 695 Venetiis
1324 661 1370 695 a.
1406 647 1538 694 1477
1570 647 1841 712 'impressa

194 738 277 785 est
313 735 417 785 hac
455 728 873 802 subscriptione:
927 719 1232 784 «Haecest
1258 751 1381 801 pars
1421 733 1482 794 Q.
1524 734 1591 785 A.
1621 735 1839 801 pediani

193 808 323 875 cura
360 829 416 875 et
452 825 741 891 diligentia
788 827 936 891 pogii
986 824 1262 874 florentini
1313 827 1416 877 viri
1454 812 1839 874 litteratissimi

192 919 408 981 reperta
444 916 502 963 in
539 916 867 970 monasterio
895 915 1071 963 sancti
1099 914 1231 978 galli
1269 930 1433 980 prope
1471 916 1839 963 constantiam

193 990 304 1053 X'X
341 1003 559 1053 milibus
584 1020 860 1070 passuum:
896 1006 952 1052 et
978 992 1061 1052 ab³
1073 1005 1240 1069 ipsius
1266 1006 1414 1070 pogii
1441 1003 1838 1070 exemplaribus

193 1108 228 1143 a
262 1109 352 1143 me
387 1091 454 1144 A.
495 1093 573 1142 In.
620 1081 979 1159 transscripta
1016 1109 1080 1142 ac
1119 1093 1367 1147 Venetiis
1405 1109 1499 1159 per
1536 1093 1838 1142 Iohannem

191 1182 259 1232 de
300 1182 529 1233 Colonia
567 1185 890 1248 ‘sociumque
939 1184 1053 1232 eius
1106 1182 1407 1232 Iohannem
1457 1183 1723 1232 Manthen
1772 1183 1838 1233 de

191 1270 504 1322 Gerretzem
541 1274 803 1339 impressa
828 1291 876 1323 ».
954 1289 1061 1338 qua
1088 1263 1480 1338 subscriptione
1520 1289 1620 1322 nec
1658 1265 1837 1322 minus

188 1364 308 1412 tota
333 1362 521 1424 forma,
549 1378 657 1428 qua
682 1362 939 1428 descripti
979 1366 1105 1411 sunt
1142 1365 1536 1425 commentarii,
1565 1362 1707 1412 hanc
1734 1363 1838 1412 edi-

188 1453 396 1502 tionem
433 1440 660 1501 alicuius
698 1439 1038 1523 Poggianae·
1057 1452 1298 1502 familiae
1343 1443 1642 1518 apographi
1682 1455 1835 1518 quasi

190 1543 488 1607 imaginem
503 1545 936 1608 repraesentasse
963 1542 1357 1608 comprobatur.
1418 1539 1671 1592 editionis
1697 1545 1836 1609 prin·
1875 1602 1878 1604 v

190 1633 325 1698 cipis
364 1633 686 1698 scripturam
724 1634 1004 1698 proximae
1031 1635 1154 1698 post
1180 1648 1300 1681 eam
1339 1631 1449 1681 fere
1476 1634 1832 1698 repetierunt:

189 1737 364 1787 pauca
394 1724 628 1783 tantum,
657 1711 1139 1787 quibusdam'aliis
1171 1722 1471 1786 Poggianis
1510 1722 1837 1788 apographis
1911 1773 1913 1775 ,

189 1813 287 1873 usi,
309 1811 542 1861 editores
568 1815 936 1862 mutaverunt.
1014 1828 1187 1877 neque
1214 1811 1375 1861 aliter
1399 1812 1465 1861 de
1491 1812 1712 1877 reliquis
1733 1812 1838 1861 edi·

187 1900 394 1950 toribus
432 1917 599 1966 usque
636 1903 747 1951 fere
774 1902 843 1950 ad
869 1890 1113 1951 nostram
1139 1905 1377 1951 aetatem
1415 1901 1706 1951 dicendum
1736 1905 1833 1951 est.

187 2004 320 2055 quos
358 2005 459 2055 ego
495 1990 643 2039 haud
681 1990 930 2055 equidem
969 2006 1249 2056 aspernor3
1291 1993 1456 2039 miror
1493 1993 1670 2055 magis
1708 2006 1835 2040 non-

186 2079 362 2130 nullos
413 2096 612 2141 eorum,
666 2082 809 2129 inter
858 2097 989 2146 quos
1042 2081 1259 2130 honoris
1311 2097 1475 2130 causa
1525 2081 1834 2130 Manutium

182 2171 469 2236 praecipue
525 2172 762 2231 nomino,
803 2173 919 2219 sine
976 2171 1259 2220 meliorum
1306 2170 1554 2219 codicum
1602 2187 1700 2236 ope
1748 2174 1833 2220 tot

185 2258 384 2309 menda
421 2261 714 2309 sanavisse.
1807 2328 1809 2331 Ι

291 2348 464 2398 Primi
484 2351 726 2398 omnium
740 2348 1020 2413 Kiessling
1034 2352 1088 2398 et
1103 2348 1318 2398 Schoell
1330 2347 1589 2416 (Berolini
1610 2365 1656 2398 a.
1681 2347 1832 2416 1875)

183 2441 390 2488 rectam
408 2438 631 2488 Asconii
653 2439 968 2488 recensendi
989 2440 1137 2487 viam
1158 2442 1500 2504 aperuerunt.
1554 2441 1657 2504 ipsi
1686 2440 1832 2487 enim

186 2543 295 2578 non
332 2529 505 2578 solum
543 2529 874 2595 exemplaria
914 2528 1198 2578 Sozomeni
1244 2533 1298 2577 et
1348 2529 1753 2578 Bartholomaei
1801 2544 1833 2576 a

185 2617 450 2683 prioribus
476 2619 587 2667 fere
614 2618 866 2682 neglecta
887 2618 956 2667 ad
982 2621 1195 2667 textum
1223 2618 1663 2667 constituendum
1686 2617 1832 2666 adhi-

184 2706 430 2769 buerunt,
472 2708 564 2757 sed
603 2710 770 2757 etiam
796 2708 973 2773 plures
994 2708 1235 2756 familiae
1261 2708 1579 2772 Poggianae
1618 2707 1829 2756 codices

184 2796 544 2858 contulerunt,
597 2813 826 2862 quorum
871 2813 1164 2846 consensus
1204 2798 1272 2846 ad
1317 2798 1594 2863 exemplar
1632 2797 1832 2861 Poggii

181 2885 394 2935 rediret.
472 2886 663 2951 quibus
702 2888 857 2935 novis
895 2889 973 2935 rei
1012 2889 1232 2936 criticae
1273 2887 1524 2936 subsidiis
1564 2888 1705 2946 freti.
1747 2889 1831 2934 tot

183 2974 327 3024 locos
366 2977 581 3039 egregie
619 2978 974 3025 restituerunt
1012 2981 1071 3025 ut
1110 2992 1199 3025 eos
1239 2978 1440 3042 optime
1487 2976 1551 3024 de
1593 2976 1829 3023 Asconio
