2300 3528
451 293 542 330 XIV
1057 293 1095 329 C.
1124 293 1461 331 GIARRATANO
1551 295 1565 299 ⁴

450 397 625 457 diano,
666 395 904 454 Firenze,
939 397 1105 462 1906),
1146 396 1444 444 Lucensem
1481 398 1612 446 1756
1651 395 1762 463 (cfr.
1792 397 1858 448 A.
1899 399 2073 448 Man-

449 487 599 545 cini,
629 485 742 534 Riv.
772 484 828 533 di
851 484 1002 533 Filol.
1031 500 1056 532 e
1083 486 1322 535 d'Istruz.
1351 487 1520 547 elasa,
1543 503 1592 551 p.
1623 488 1864 549 579-586,
1898 490 2065 557 1913).

450 572 541 620 sed
580 588 686 620 non
737 571 981 620 omnibus
1020 573 1137 620 istis
1187 572 1457 621 codicibus
1501 573 1687 622 eadem
1731 591 1853 624 cum
1894 577 2073 626 arche-

447 663 577 724 typo
599 660 879 723 Poggiano
903 662 1154 723 cognatio
1182 663 1277 720 est,
1301 663 1554 725 quoniam
1581 663 1840 725 nonnulli,
1868 668 1930 713 ut
1954 665 2068 715 cod.

447 748 700 796 Laurent.
744 750 825 807 54,
855 749 936 808 27,
966 763 1031 795 ex
1071 749 1184 812 ipso
1224 749 1404 797 codice
1443 750 1764 812 Matritensi,
1791 752 1966 817 plures
2005 769 2071 802 ex

447 839 558 884 eius
585 837 908 901 apographis
935 836 1188 901 descripti
1216 841 1354 886 sunt,
1431 841 1554 900 iam,
1576 843 1637 888 ut
1663 841 1906 906 exemplo
1931 845 2068 903 utar,

445 927 501 972 in
527 941 645 973 meo
672 925 851 973 libello
878 925 943 972 de
969 923 1191 973 Asconii
1219 926 1445 974 Pediani
1473 927 1743 977 codicibus
1770 929 2070 979 florentinis

445 1013 682 1060 codicem
717 1013 970 1061 Laurent.
1002 1015 1083 1074 53,
1119 1016 1178 1061 15
1220 1030 1285 1062 ex
1329 1015 1510 1063 codice
1536 1014 1936 1067 Ashburnham.
1967 1008 2068 1067 255

443 1100 745 1149 derivatum
772 1117 886 1149 esse
913 1101 1149 1165 probavi.
1227 1102 1318 1150 sed
1356 1103 1457 1151 hac
1483 1105 1539 1151 in
1566 1120 1622 1152 re
1648 1108 1845 1154 morari
1870 1106 2066 1172 taedet.

442 1189 543 1237 hoc
569 1192 783 1237 tantum
809 1189 1004 1237 addam
1043 1190 1250 1239 codices
1276 1191 1584 1255 Poggianos
1611 1208 1718 1241 non
1758 1194 1928 1243 solum
1962 1211 2068 1244 cor-

440 1279 703 1325 rectiones
731 1280 785 1325 et
810 1277 1259 1342 interpolationes
1277 1279 1558 1344 archetypi
1585 1280 1748 1328 alium
1769 1284 1942 1346 magis
1962 1282 2068 1331 alio

441 1367 496 1412 in
536 1369 743 1414 textum
783 1368 1059 1431 recepisse,
1102 1367 1192 1414 sed
1231 1383 1397 1416 novas
1437 1384 1592 1433 saepe
1631 1369 1887 1419 lectiones
1925 1371 2067 1420 exhi-

441 1452 580 1514 bere,
616 1469 798 1502 omnes
838 1469 903 1502 ex
936 1456 1243 1503 coniectura
1280 1455 1531 1504 videlicet
1568 1461 1739 1506 natas.

546 1541 701 1589 Nunc
739 1542 1016 1590 redeamus
1068 1542 1134 1590 ad
1185 1545 1290 1591 tria
1339 1543 1432 1591 illa
1478 1545 1802 1610 apographa,
1843 1562 2065 1611 quorum

442 1629 691 1691 subsidio,
728 1634 788 1678 ut
814 1647 972 1695 supra
997 1631 1245 1691 diximus,
1285 1630 1550 1680 Asconius
1589 1635 1941 1683 recensendus
1967 1639 2062 1686 est.

546 1719 628 1767 Ac
654 1721 885 1783 primum
910 1719 1140 1783 quidem,
1168 1723 1229 1768 ut
1254 1722 1363 1768 iam
1389 1720 1453 1769 de
1492 1721 1734 1770 codicum
1766 1723 2064 1772 rationibus

440 1810 494 1855 et
506 1809 691 1872 pretiis
707 1807 1051 1872 disputemus,
1069 1809 1437 1873 apographum
1451 1809 1597 1870 illud,
1621 1826 1687 1858 ex
1701 1817 1803 1875 quo
1818 1811 1875 1859 M
1889 1810 2061 1872 fluxit,

438 1895 880 1944 Bartholomaeus
930 1896 1210 1961 descripsit
1247 1897 1463 1960 quidem
1509 1914 1574 1946 ex
1612 1898 1793 1947 codice
1843 1898 2063 1964 Sangal-

435 1984 586 2044 lensi,
616 1983 707 2032 sed
745 1986 953 2049 saepius
992 1986 1103 2032 sive
1142 1985 1210 2032 ad
1247 1985 1466 2034 lacunas
1506 1986 1794 2051 explendas
1834 1989 1945 2036 sive
1990 1987 2059 2036 ad

438 2087 500 2119 ea
537 2071 701 2120 verba
745 2071 1074 2135 corrigenda,
1115 2088 1250 2136 quae
1297 2073 1396 2121 sibi
1445 2077 1694 2139 corrupta
1736 2074 2058 2136 viderentur,

437 2160 710 2224 exemplar
729 2160 1069 2223 Poggianum
1097 2160 1356 2210 adhibuit.
1434 2163 1614 2225 itaque
1639 2162 1840 2211 multae
1865 2163 2060 2227 Poggii

436 2250 790 2296 correctiones
846 2249 1390 2313 interpolationesque
1442 2252 1605 2298 etiam
1662 2252 1717 2298 in
1773 2250 1954 2299 codice
2003 2251 2060 2299 M

437 2341 676 2385 exstant:
718 2339 866 2385 cuius
905 2339 981 2385 rei
1019 2337 1172 2402 plura
1198 2354 1263 2386 ex
1289 2340 1672 2387 commentario
1711 2339 2059 2388 Verrinarum

437 2426 681 2491 exempla
719 2442 924 2474 sumere
963 2442 1192 2490 possum,
1235 2427 1325 2475 sed
1363 2427 1495 2475 haec
1523 2427 1590 2475 ad
1627 2426 1922 2475 Asconium
1948 2444 2058 2492 per-

434 2516 667 2563 tinentia
718 2514 1011 2563 sufficiant:
1067 2517 1131 2562 22
1152 2512 1184 2574 2,
1226 2513 1360 2575 2517,
1403 2513 1537 2575 2717,
1580 2518 1645 2563 28
1665 2512 1714 2576 23,
1762 2518 1826 2564 29
1847 2513 1879 2576 2,
1921 2513 2055 2577 3512,

435 2605 501 2651 42
521 2600 571 2663 25,
602 2604 668 2651 43
693 2600 739 2663 12,
769 2604 835 2651 45
860 2600 906 2661 19,
947 2605 1014 2650 46
1036 2600 1066 2663 7,
1097 2606 1158 2651 51
1186 2600 1218 2626 ¹⁸
1254 2601 1336 2666 (de
1375 2620 1478 2668 quo
1516 2605 1631 2652 loco
1658 2604 1749 2652 cfr.
1787 2603 2057 2653 Schmie-

433 2691 553 2739 deb
570 2708 701 2754 erg,
742 2692 774 2740 l.
816 2708 859 2740 c.
890 2709 942 2760 p.
979 2692 1073 2759 16);
1116 2693 1183 2738 54
1203 2689 1233 2751 9,
1276 2694 1341 2739 58
1365 2689 1411 2751 ¹⁸,
1443 2695 1508 2740 68
1527 2689 1558 2752 2,
1590 2695 1654 2740 68
1674 2689 1705 2752 ⁶,
1749 2694 1814 2740 74
1836 2690 1882 2753 ¹⁰,
1919 2695 1984 2741 78
2006 2690 2052 2752 17,

436 2781 498 2828 79
519 2776 568 2840 20,
610 2782 678 2827 80
696 2776 746 2839 25,
788 2782 853 2828 82
874 2776 924 2839 ²⁰,
966 2782 1031 2827 83
1053 2776 1084 2839 ⁶,
1126 2777 1244 2839 841,
1285 2783 1350 2827 89
1375 2777 1421 2838 15,
1451 2783 1515 2828 89
1540 2777 1586 2840 ¹⁶,
1629 2783 1695 2828 90
1718 2777 1763 2840 ¹⁰,
1794 2783 1854 2829 91
1879 2777 1910 2841 ³,
1940 2775 2075 2841 9211,

434 2864 568 2927 9710,
599 2870 665 2915 98
687 2864 734 2927 16,
780 2869 873 2914 101
897 2864 928 2927 2,
975 2869 1067 2914 101
1096 2864 1141 2915 11.
1224 2870 1281 2914 at
1323 2883 1536 2931 perraro
1574 2868 1738 2916 verba
1775 2868 2054 2933 archetypi

431 2954 873 3003 Bartholomaeus
900 2956 1164 3017 corrigere
1190 2957 1504 3019 temptavit:
1543 2955 1682 3019 quod
1709 2956 1793 3003 his
1831 2955 2052 3004 Asconii
