2300 3528
757 241 812 277 IN
838 240 1164 278 PISONIANAM
1761 239 1783 274 7

199 328 348 395 Quis
368 337 516 381 fuerit
538 350 674 382 socer
695 338 878 381 Pisonis
899 337 1048 393 patris
1069 338 1170 393 ipse
1191 349 1336 392 supra
1358 337 1481 379 dixit
1501 336 1576 378 his
1598 337 1782 379 verbis:

229 415 495 461 Insuber
519 416 757 472 quidam
790 416 914 470 fuit,
937 416 1088 458 idem
1116 417 1420 457 mercator
1450 417 1509 457 et
1539 425 1783 469 praeco:

56 502 62 503 ’
125 492 356 540 iseum
386 493 621 538 Romam
654 506 782 537 cum
819 494 965 536 filia
995 494 1294 544 venisset,
1327 493 1784 535 adulescentem

139 571 438 627 mobilem,
465 570 790 615 Caesonini
822 571 1078 615 hominis
1110 571 1522 626 frugalissimi
1556 571 1785 624 filium,

79 653 113 699 Ε
139 658 317 703 ausus·
343 652 438 693 est
467 651 815 706 appellare,
842 650 1018 705 eique
1050 650 1245 692 filiam
1273 649 1618 692 collocavit.
1653 648 1785 691 Cal-

58 1039 106 1077 ιο

8 1493 107 1530 ’15

139 727 418 772 *entium
450 727 628 770 aiunt
658 740 787 770 eum
819 727 1131 783 appellatu
1149 739 1221 769 m.

229 803 384 861 Ipsius
415 804 611 860 Pisonis,
637 807 805 848 contra
836 817 979 860 quem
1012 805 1133 847 haec
1165 805 1315 846 oratio
1347 807 1431 858 est,
1453 816 1671 846 socerum
1694 803 1785 846 Ru-

139 881 299 926 tilium
331 879 590 940 {[Atilium]]
611 882 803 925 Nudum
835 882 1105 925 Fenestella
1136 882 1295 924 tradit.
1319 881 1486 924 Cicero
1510 882 1658 924 filiam
1684 883 1789 936 post

141 962 344 1004 mortem
376 961 559 1004 Pisonis
589 946 755 1016 generi
787 960 836 1002 P.
868 960 1071 1002 Lentulo
1097 960 1365 1017 collocavit,
1389 960 1515 1015 apud
1539 972 1680 1014 quem
1704 959 1789 1002 illa

141 1050 205 1082 ex
234 1041 375 1095 partu
407 1038 621 1082 decessit.

559 1158 673 1203 CIR.
707 1159 843 1202 VER.
869 1159 911 1201 A
942 1158 1132 1202 PRIMO
1164 1158 1369 1201 CCLXX

233 1259 356 1315 (34.)
388 1259 508 1316 Ego
540 1261 597 1303 in
629 1259 679 1304 C.
707 1261 948 1304 Rabirio
974 1260 1420 1319 perduellionis
1452 1271 1555 1302 reo
1586 1259 1790 1302 XXXX

141 1331 308 1381 annis
339 1339 467 1380 ante
500 1350 584 1380 me
616 1339 902 1381 consulem
935 1338 1320 1393 interpositam
1352 1340 1580 1380 senatus
1607 1341 1789 1380 aucto-

143 1414 401 1458 ritatem
448 1416 718 1460 sustinui
750 1419 957 1458 contra
987 1415 1286 1458 invidiam
1319 1410 1487 1470 atque
1525 1415 1789 1458 defendi.

231 1492 383 1537 Possit
433 1493 607 1549 aliquis
659 1494 860 1537 credere
913 1505 1088 1537 errare
1141 1492 1436 1546 Ciceronem,
1485 1493 1611 1548 quod
1664 1493 1794 1535 dicat

145 1570 466 1626 quadraginta
497 1571 635 1614 annis
666 1571 846 1613 factum
890 1583 992 1613 esse
1035 1573 1087 1612 ut
1119 1583 1180 1613 ex
1211 1570 1254 1612 S.
1289 1569 1338 1612 C.
1372 1583 1516 1613 arma
1558 1569 1794 1614 adversus

145 1647 198 1690 L.
233 1647 488 1704 Apuleium
520 1647 831 1691 Saturninum
865 1651 922 1691 tr.
950 1649 1012 1703 pl.
1046 1650 1364 1690 sumerentur.
1399 1647 1447 1690 C.
1482 1648 1610 1690 enim
1643 1648 1793 1691 Mario

147 1724 198 1768 L.
243 1725 434 1769 Valerio
466 1737 582 1769 coss.
616 1725 664 1768 id
698 1728 915 1768 senatum
943 1724 1224 1780 decrevisse,
1248 1725 1332 1779 qui
1357 1737 1472 1768 cose.
1506 1725 1651 1768 annis
1682 1728 1793 1768 ante

234 1841 258 1866 1.
278 1837 382 1872 patria
400 1838 583 1871 Manutius,
605 1839 698 1872 peter
721 1837 752 1866 G.
806 1837 877 1872 ipse
895 1845 954 1865 om.
974 1838 1004 1865 S.
1087 1840 1111 1864 2.
1131 1836 1263 1864 insuber
1279 1845 1312 1872 p,
1335 1836 1465 1864 intuber
1489 1838 1519 1865 C.
1592 1839 1617 1865 3.
1637 1838 1707 1866 filia
1727 1839 1794 1865 Ma-

142 1893 270 1927 nucius,
294 1892 363 1920 mio
388 1893 419 1920 C.
503 1894 566 1920 8-4.
585 1899 613 1919 e.
633 1891 797 1919 hominem
818 1891 960 1919 nobilem
982 1892 1029 1919 S¹.
1102 1893 1128 1919 4.
1148 1890 1321 1918 Caesonini
1342 1893 1526 1925 Mommsen,
1550 1892 1738 1920 caesoniani
1763 1894 1793 1920 C.

127 1945 358 1982 -ngnlissimi
379 1946 510 1979 Rinkes,
533 1944 731 1973 furacissimi
756 1946 786 1973 C.
886 1947 912 1973 5.
932 1945 1026 1979 eique
1046 1945 1176 1978 Rinkes,
1199 1953 1257 1972 om.
1282 1946 1312 1973 C.
1353 1983 1355 1985 Ι
1404 1948 1465 1973 5-6.
1484 1945 1688 1974 Calventium
1711 1946 1790 1978 Alai..

143 1999 366 2029 calventinam
392 2000 423 2028 C.
479 1998 568 2027 Calv.
582 2014 597 2019 -
611 1999 809 2034 appellatum
835 1999 980 2027 Ciceroni
997 1999 1137 2027 reddidit
1151 2000 1234 2027 Rau.
1308 2002 1333 2027 7.
1353 1999 1455 2034 ipsius
1474 2001 1613 2034 Madvig),
1637 2000 1745 2035 sepius
1764 2000 1794 2027 C.

145 2056 171 2082 8.
190 2053 328 2082 Atinam
353 2054 386 2087 0,
409 2053 468 2081 acl.
487 2053 689 2081 Perizonius.
745 2053 828 2081 tradi
849 2054 923 2082 SJ'.
1016 2056 1057 2080 10.
1078 2053 1228 2081 discessit
1248 2054 1322 2081 SM.
1408 2057 1449 2080 11.
1469 2062 1526 2081 om.
1547 2055 1589 2081 M.
1664 2057 1706 2082 12.
1726 2062 1795 2088 per-

144 2105 323 2135 duellionis
342 2113 398 2135 reo
418 2107 512 2134 1²⁰0oe
529 2107 600 2139 Cic„
618 2105 798 2141 perduellio
809 2125 905 2134 ......
925 2107 960 2141 (8
980 2106 1039 2133 lin.
1058 2106 1097 2140 P)
1117 2107 1147 2134 C.
1222 2107 1264 2133 13.
1284 2106 1510 2141 interpositam
1538 2107 1608 2140 Cic„
1625 2107 1795 2142 interposi-

145 2162 211 2193 Μ
222 2179 358 2190 ........
376 2161 413 2195 P,
426 2159 622 2195 interposita
633 2180 801 2188 ..........
821 2161 897 2188 SM.
933 2160 1070 2188 uenatus
1081 2161 1111 2188 S.
1167 2163 1208 2188 14.
1220 2160 1376 2188 invidiam
1396 2161 1449 2188 Cic
1450 2180 1615 2194 ..........
1636 2163 1670 2196 (5
1686 2162 1744 2189 lite.
1755 2162 1793 2195 P)

143 2213 303 2243 invidi-m
321 2215 352 2244 0.
408 2216 450 2242 15.
464 2221 573 2242 errare
593 2214 898 2248 Kiessliny-Schoell
901 2234 1029 2247 .......
1054 2216 1084 2242 (J.
1140 2217 1182 2242 16.
1196 2214 1290 2242 annis
1309 2215 1390 2248 PM,
1413 2235 1438 2243 ..
1527 2217 1556 2242 S.
1595 2218 1629 2243 ut
1648 2216 1737 2250 Pm9²
1748 2216 1791 2248 M,

98 2304 102 2308 ι
144 2275 204 2299 0⁸·-
222 2269 289 2298 SP.
344 2275 436 2296 arma
454 2267 611 2296 adversus
631 2268 946 2302 Kiessliny-Schoeu,
963 2276 1076 2296 versus
1091 2270 1121 2302 S,
1139 2288 1216 2296 .....
1232 2269 1266 2303 (8
1282 2269 1340 2295 litt.
1354 2269 1392 2301 P)
1407 2277 1520 2296 versus
1533 2270 1612 2297 PM.
1687 2272 1728 2297 17.
1742 2278 1795 2304 ap·

100 2340 104 2346 ι
145 2322 260 2359 uulda
277 2322 313 2351 Ρ.
377 2324 416 2351 tr.
435 2322 478 2357 pl.
496 2322 532 2356 P,
555 2342 563 2350 .
577 2341 584 2348 .
597 2342 605 2349 .
618 2342 625 2349 .
645 2321 751 2356 plebis
771 2322 802 2355 S,
835 2329 909 2349 nuin
931 2324 968 2349 tr.
988 2322 1030 2356 pl.
1049 2342 1056 2349 .
1070 2342 1077 2349 .
1091 2342 1098 2349 .
1112 2342 1119 2349 .
1156 2322 1261 2356 plebis
1282 2323 1324 2350 M.
1388 2325 1592 2350 sumerentur
1613 2323 1793 2358 Kiessliny-

82 2385 87 2390 ·
145 2376 278 2410 ml,
298 2378 509 2404 numerentur
527 2376 557 2404 0.
595 2375 627 2403 C.
642 2375 727 2403 enim
747 2376 827 2409 PM,
845 2374 894 2403 C..
915 2375 967 2403 eni
987 2377 1017 2403 S.
1054 2375 1145 2403 ¹¹¹ario
1166 2377 1200 2409 P,
1218 2376 1287 2403 ario
1308 2377 1352 2409 M,
1445 2378 1474 2404 S.
1550 2380 1591 2404 18.
1611 2377 1645 2407 L.
1663 2377 1794 2405 Valerio

147 2429 315 2464 Laidem,
337 2429 400 2459 CN
422 2429 466 2466 (N
480 2430 514 2465 S)
537 2450 633 2458 ......
654 2430 708 2464 (10
733 2430 792 2457 litt.
813 2429 846 2463 S)
872 2430 902 2457 C.
958 2429 990 2456 id
1019 2432 1167 2457 senatum
1196 2429 1390 2464 decrevisse,
1410 2430 1464 2464 qui
1494 2438 1574 2458 coss.
1595 2431 1689 2459 annis
1718 2434 1794 2459 ante

147 2483 350 2512 consulatum
362 2482 530 2512 ciceronis
548 2483 696 2511 XXXVII
716 2482 838 2511 fuerint
858 2483 1171 2518 Kiessliny-Schoell,
1188 2483 1229 2511 ad
1249 2485 1397 2511 senatum
1418 2483 1513 2511 decre
1525 2504 1602 2512 .....
1615 2491 1671 2512 eos
1753 2484 1792 2513 1ιῇ

147 2538 337 2566 eon-neuun
356 2537 516 2566 ciceronis
536 2557 742 2566 ............
762 2537 786 2565 S
786 2556 975 2571 ..........
995 2538 1023 2564 Ρ
1034 2538 1078 2565 Μ.

194 2641 219 2678 8
244 2638 382 2677 Cicero
406 2640 525 2676 filiam
565 2644 658 2676 etc.:
696 2640 827 2675 Plut.
859 2639 932 2675 Cic.
1006 2639 1093 2675 Dio
1108 2639 1298 2676 XXXVII
1315 2640 1443 2686 26-‘283
1463 2639 1596 2676 Suet.
1618 2640 1720 2677 Caes.
1737 2642 1792 2677 12.

148 2701 218 2749 413
244 2699 381 2749 Oros.
406 2699 461 2736 VI
484 2700 603 2747 2‚v13.
1056 2700 1102 2735 14
1128 2701 1317 2736 sustinui:
1343 2711 1377 2736 a.
1404 2701 1462 2736 63.

195 2761 219 2797 9
243 2760 286 2796 Ρ.
313 2759 502 2796 Lentulo:
540 2761 622 2796 scil.
652 2760 695 2796 P.
730 2759 934 2796 Cornelius
1056 2761 1101 2795 16
1125 2763 1170 2795 ut
1198 2771 1248 2796 ex
1278 2759 1315 2796 S.
1355 2759 1395 2796 C.
1423 2771 1533 2796 arma
1571 2764 1666 2797 ete:
1693 2761 1793 2797 Cic.

150 2820 358 2856 Dolabella
382 2819 587 2866 Lentulus,
613 2831 647 2855 a.
670 2821 734 2856 50:
762 2819 859 2855 Cic.
880 2819 933 2855 ad
999 2831 1076 2866 pro
1094 2820 1189 2855 Rab.
1199 2831 1241 2866 p.
1256 2832 1289 2856 r.
1305 2822 1338 2866 7,
1359 2821 1422 2866 ‘203
1445 2819 1525 2856 Cat.
1546 2820 1563 2855 I
1581 2822 1614 2866 2,
1629 2822 1668 2867 43
1691 2822 1793 2857 Phil.

147 2879 248 2926 fam.
272 2878 368 2916 VIII
394 2879 449 2914 13.
1006 2880 1099 2916 VIII
1126 2881 1158 2925 5,
1198 2881 1261 2925 153
1305 2881 1418 2916 Brut.
1457 2881 1514 2926 62,
1556 2881 1644 2917 224:
1682 2881 1791 2916 Val.

198 2941 244 2977 10
269 2939 458 2975 decessit:
483 2950 518 2974 a.
545 2939 602 2974 45.
1008 2941 1139 2976 Max.
1166 2940 1225 2976 111
1245 2932 1279 2985 ε),
1308 2942 1371 2986 ¹83
1397 2941 1515 2986 App.
1543 2942 1574 2976 b.
1603 2953 1632 2977 e.
1660 2941 1677 2976 1
1699 2942 1756 2977 33

199 3002 243 3038 12
257 3002 295 3035 in
314 2999 355 3036 C.
374 3000 532 3035 Rabirio
551 3000 829 3045 perduellionis
842 3009 928 3035 reo:
1059 3002 1102 3037 17
1117 3001 1157 3036 C.
1174 3001 1297 3036 Mario
1313 3001 1355 3036 L.
1366 3001 1521 3036 Valerio
1541 3011 1652 3036 coss:
1666 3012 1700 3036 a.
1714 3002 1792 3037 100.

1822 336 1899 372 50

1826 1159 1898 1195 GB
1933 1159 2044 1196 5KS
