2300 3528
397 389 440 422 70
455 388 485 420 S

356 438 377 465 8
386 436 397 468 l
418 435 485 468 Kx

390 1701 430 1733 91
454 1699 486 1734 C'

386 1747 430 1781 {12
450 1747 481 1780 Β

519 234 564 268 98
832 237 836 241 ’
1208 233 1373 271 ASCON
1375 234 1456 270 IVS

518 331 620 382 post
641 331 839 371 mortem
862 329 1005 371 etiam
1029 328 1269 372 Ciceronis
1301 330 1462 372 multis
1494 331 1629 373 annis
1654 331 1770 386 Imp.
1794 330 1980 387 Caesar,
2003 345 2144 387 quem

519 417 646 446 nunc
687 406 865 448 Divum
908 406 1173 460 Augustum
1218 407 1432 461 dicimus,
1466 410 1568 462 post
1608 408 1853 451 Actiacam
1895 408 2145 459 victoriam

519 481 707 524 fecerit:
750 483 832 524 sed
863 483 994 524 illam
1037 484 1364 538 demonstrari,
1398 497 1519 539 quae
1552 488 1621 527 est
1652 488 1788 527 extra
1819 489 2003 540 portam
2035 485 2145 531 Car-

521 559 776 601 mentalem
799 559 924 601 inter
944 559 1118 602 Forum
1145 560 1418 602 holitorium
1441 563 1488 603 et
1513 561 1693 603 circum
1725 561 2027 605 Flaminium.
2086 575 2149 607 ,ea

520 635 648 677 enim
681 636 780 678 sola
812 638 911 678 tum
946 637 1137 678 demum
1170 637 1345 679 Romae
1377 637 1609 692 Apollinis
1640 638 1792 680 aedes.

608 712 840 766 Loquitur
872 725 980 755 cum
1014 712 1243 755 Catilina:

608 788 760 841 Quid
800 794 858 832 tu
891 793 1065 845 potes
1097 791 1157 832 in
1196 790 1555 834 defensione
1598 794 1702 834 tua
1742 792 1955 835 dicere
1997 794 2148 848 quod

519 867 618 908 illi
652 880 769 909 non
801 866 1136 910 dimerz'nt?
1176 869 1238 909 at
1279 868 1385 909 illi
1425 868 1622 911 multa
1662 869 1959 912 dixerunt
1998 879 2148 926 quae

520 943 636 985 tibi
669 943 879 986 dicere
913 956 1023 985 non
1058 944 1283 986 licebit
1316 969 1371 974 -—

608 1022 655 1062 et
686 1021 827 1074 paulo
860 1023 984 1075 post:

608 1097 884 1151 Denique
918 1098 1016 1139 illi
1059 1110 1286 1152 negare
1318 1101 1656 1152 potuerunt
1687 1102 1740 1141 et
1770 1103 2148 1161 negaverunt:

519 1176 577 1215 tu
611 1174 723 1215 tibi
756 1187 815 1216 ne
848 1174 1189 1216 infitiandi
1223 1175 1459 1228 quidem
1503 1175 1925 1229 impudentiae
1956 1176 2147 1220 locum

519 1251 824 1304 reliquisti.
889 1263 1078 1305 quare
1111 1252 1447 1305 praeclara
1479 1252 1765 1294 dicentur
1797 1253 2034 1296 iudicia
2064 1257 2148 1297 tu-

518 1327 651 1369 lisse
685 1327 750 1380 si,
784 1327 885 1381 qui
928 1327 1286 1369 infitiantem
1328 1328 1602 1370 Luscium
1647 1330 2147 1384 condemnarunt,

520 1402 850 1446 Catilinam
884 1404 1278 1446 absolverint
1309 1405 1735 1447 confitentem.

604 1480 698 1529 Hic
742 1493 884 1534 quem
930 1481 1143 1522 nominat
1172 1480 1222 1522 L.
1256 1480 1467 1534 Luscius,
1501 1483 1637 1523 notus
1672 1482 1897 1527 *centurio
1928 1482 2150 1537 Syllanus

520 1557 748 1610 divesque
790 1569 815 1598 e
848 1557 1051 1599 victoria
1100 1558 1251 1599 factus
1282 1582 1339 1587 ———
1372 1570 1481 1599 nam
1529 1558 1732 1612 amplius
1778 1559 1969 1605 centies,
1995 1571 2147 1614 posse-

520 1635 656 1676 derat
687 1659 744 1663 ——
776 1634 1027 1676 damnatus
1059 1637 1162 1675 erat
1193 1647 1286 1675 non
1320 1634 1466 1676 multo
1498 1637 1608 1676 ante
1641 1647 1783 1689 quam
1816 1634 1981 1678 Cicero
2012 1635 2146 1678 dixit.

519 1711 732 1753 obiectae
764 1714 873 1754 sunt
905 1711 947 1753 ei
981 1714 1076 1753 tres
1108 1711 1278 1753 caedes
1321 1711 1704 1765 proscriptorum.
1787 1712 1917 1755 circa
1960 1713 2147 1756 eosdem

519 1788 620 1829 dies
650 1787 700 1828 L.
735 1799 921 1841 quoque
969 1787 1209 1829 Bellienus
1256 1788 1506 1829 damnatus
1553 1791 1634 1841 est,
1682 1800 1822 1842 quem
1870 1787 2036 1831 Cicero
2081 1789 2150 1832 ait

519 1864 813 1906 avunculum
847 1876 947 1906 esse
981 1863 1227 1906 Catilinae.
1306 1864 1384 1906 hic
1416 1866 1575 1906 autem
1622 1864 1897 1906 Lucretium
1945 1864 2148 1908 Ofellam

519 1941 815 1983 consulatum
849 1943 1013 1982 contra
1044 1941 1339 1983 voluntatem
1371 1940 1530 1994 Syllae
1562 1942 1622 1983 ad
1655 1942 1942 1984 turbandum
1973 1944 2147 1985 statum

520 2018 729 2060 civitatis
776 2020 1014 2071 petentem
1064 2018 1304 2059 occiderat
1350 2018 1478 2059 iussu
1525 2017 1683 2071 Syllae
1732 2021 1845 2060 tunc
1890 2016 2144 2062 dictatoris.

519 2094 592 2136 his
609 2106 722 2147 ergo
741 2096 884 2148 negat
905 2094 1118 2147 ignotum
1143 2106 1256 2146 esse,
1276 2105 1383 2135 cum
1408 2096 1454 2135 et
1476 2094 1718 2148 imperitos
1740 2106 1789 2136 se
1811 2094 2025 2137 homines
2046 2107 2146 2138 esse

609 2225 632 2248 1.
653 2224 723 2255 post
743 2228 763 2258 p
784 2223 812 2248 S.
886 2225 910 2248 2.
930 2221 1048 2249 attiacii
1069 2223 1103 2254 1’,
1128 2221 1264 2248 anticam
1286 2222 1358 2249 SM.
1431 2223 1455 2248 5.
1476 2229 1562 2248 rome
1583 2221 1734 2255 apollinis
1754 2221 1830 2249 edes
1848 2222 1883 2255 P,
1907 2229 1993 2250 rome
2007 2221 2048 2249 ad
2061 2221 2148 2250 nedi-

520 2275 567 2302 les
588 2276 617 2307 S,
641 2274 786 2302 adedilee
806 2282 893 2302 rome
914 2276 956 2302 M.
1065 2277 1089 2301 6.
1110 2263 1268 2307 LOQvIff*
1296 2274 1334 2301 οὗ
1364 2274 1499 2302 catilina
1518 2275 1613 2309 Pmyl.
1721 2277 1745 2302 8.
1765 2274 1906 2303 dixerint
1924 2273 1958 2302 at
1976 2274 2026 2302 illl
2045 2275 2148 2303 multa

519 2328 658 2362 Asadi-iss,
677 2336 733 2354 om.
759 2329 788 2355 C.
863 2331 904 2355 11.
925 2330 1105 2362 negaverut
1124 2329 1172 2368 M..
1241 2331 1282 2355 12.
1302 2327 1500 2361 impudentia
1525 2329 1555 2356 C.
1641 2330 1682 2355 13.
1701 2328 1884 2362 preclaram
1903 2329 1946 2355 M.
2001 2327 2148 2356 dicentur

520 2399 700 2431 Μαηειιίιιε,
725 2398 873 2426 dicuntur
898 2400 926 2426 C.
1037 2401 1078 2425 14.
1098 2371 1221 2426 lusc¹um
1242 2399 1275 2425 P.
1341 2397 1593 2425 condemnarunt
1611 2398 1790 2431 Manutius,
1815 2397 2059 2426 condemnarint
2077 2399 2144 2432 SP,

518 2451 739 2479 condemnarit
760 2453 802 2479 M.
887 2454 929 2479 16.
950 2451 1101 2486 Syllanus
1120 2451 1255 2486 Pogmius
1272 2452 1315 2484 M,
1339 2451 1482 2485 syllanus
1502 2452 1566 2478 SP.
1645 2452 1685 2479 17.
1706 2458 1744 2479 ca
1763 2452 1838 2478 SM.
1916 2453 1958 2479 18.
1978 2451 2147 2479 damnatus

519 2505 665 2538 Pomliux,
689 2504 871 2531 dominatus
896 2507 925 2531 Γ.
1034 2507 1075 2531 21.
1096 2504 1251 2531 luci-etum
1274 2505 1301 2530 S.
1367 2503 1504 2531 Ofellam
1526 2504 1685 2538 Siaonim,
1717 2503 1848 2531 asellam
1869 2505 1934 2537 SP,
1965 2504 2084 2532 aetalia
2102 2505 2147 2532 M.

519 2560 560 2583 211.
581 2556 631 2583 his
653 2557 821 2590 Patricius,
845 2556 872 2584 is
891 2559 920 2584 C.
986 2557 1130 2591 ignotum
1152 2556 1288 2590 Madvig),
1313 2556 1460 2590 ignarum
1480 2557 1509 2583 C.
1583 2564 1679 2583 cum-
1692 2563 1761 2584 esse
1781 2564 1838 2583 om.
1859 2558 1887 2583 S.
1953 2558 1986 2584 et
2006 2556 2143 2591 Madviy,

519 2610 617 2638 etiam
639 2611 717 2637 PM.

566 2718 588 2751 3
614 2717 682 2751 sed
720 2717 823 2751 illam
864 2722 961 2751 etc:
1000 2717 1029 2750 P
1044 2717 1080 2750 li
1096 2727 1143 2750 η.
1183 2727 1220 2750 n.
1260 2717 1295 2750 h.
1418 2717 1463 2751 23
1491 2716 1709 2750 occiderat:
1743 2726 1777 2750 a.
1805 2716 1872 2759 813
1899 2715 2019 2760 App.
2057 2716 2090 2750 b.
2115 2726 2144 2751 c.

519 2776 614 2810 XIII
642 2777 703 2817 53;
730 2769 904 2810 XXXVI
922 2777 977 2810 225.
1369 2774 1387 2808 Ι
1404 2775 1489 2818 1013
1515 2774 1645 2809 Plut.
1661 2774 1760 2819 Syll.
1776 2775 1839 2819 333
1854 2774 1944 2808 Dio
1958 2774 2146 2809 XXXVII

568 2835 612 2868 18
638 2834 846 2868 damnatus
873 2838 974 2868 erat:
1002 2845 1035 2868 a.
1062 2834 1118 2868 64.
1245 2850 1249 2853 ·
1371 2835 1432 2877 1ος
1466 2833 1593 2878 Comp.
1621 2833 1730 2878 Syll:
1757 2836 1854 2868 cont.
1890 2834 1983 2879 Lys.
2010 2834 2048 2877 23
2078 2843 2144 2878 pe-

567 2893 611 2928 :20
638 2892 846 2927 damnatus
873 2896 953 2928 est:
981 2893 1076 2927 Dio
1110 2892 1296 2927 XXXVII
1369 2893 1484 2927 rioch.
1511 2893 1595 2926 Liv.
1622 2891 1837 2927 LXXXIX.

520 2953 575 2986 10.

2158 1038 2166 1042 ‘¹
2186 1028 2231 1063 10

2186 1410 2231 1447 15

2185 1795 2231 1832 20
