2300 3528
755 202 809 238 IN
837 200 1175 238 SCAVRIANAM
1742 200 1787 235 25

232 299 288 356 Q.
320 299 554 344 Servilius
586 299 762 355 Caepio
795 298 1027 341 Scaurum
1066 298 1124 340 ob
1163 297 1414 352 legationis
1445 297 1685 339 Asiaticae
1719 298 1785 339 in-

143 378 327 425 vidiam
349 375 454 436 {IetJJ
477 377 710 421 adversus
732 377 864 431 leges
888 375 1203 432 pecuniarum
1236 378 1485 430 captarum
1514 387 1649 417 reum
1675 376 1788 418 fecit

143 455 518 513 repetundarum
546 455 652 510 lege
675 467 820 510 quam
854 454 963 496 tulit
993 452 1226 495 Servilius
1259 451 1460 494 Glaucia
1486 450 1784 509 ssgracchiass.

142 532 351 577 Scaurus
381 534 516 576 tanta
538 532 629 575 fuit
654 531 950 574 continentia
976 530 1125 572 animi
1154 532 1200 572 et
1227 529 1556 584 magnitudine
1592 532 1643 571 ut
1672 529 1784 572 Cae-

83 611 108 647 ὃ
142 610 334 667 pionem
371 612 539 652 contra
571 621 707 652 reum
746 608 975 651 detulerit
1006 610 1066 661 et,
1101 607 1324 650 breviore
1361 607 1438 649 die
1467 607 1787 661 inquisitionis

142 690 356 744 accepta,
398 687 615 731 effecerit
648 690 699 729 ut
738 687 821 729 ille
861 686 993 741 prior
1032 697 1225 728 causam
1258 685 1461 738 diceret3
1504 684 1563 726 M.
1598 698 1785 740 quoque

140 764 351 810 Drusum
384 767 442 808 tr.
469 765 532 820 pl.
566 765 840 808 cohortatus
871 763 932 806 sit
965 765 1016 804 ut
1047 762 1226 805 iudicia
1252 764 1581 804 commutaret.

857 889 1074 931 IBIDEM

233 994 312 1047 (3.)
345 993 428 1037 Ab
466 993 670 1036 eodem
714 992 896 1034 etiam
939 992 1074 1045 lege
1114 991 1290 1033 Varia
1326 993 1517 1033 custos
1556 991 1663 1033 ille
1697 992 1783 1033 rei

59 1079 104 1116 10
139 1084 192 1128 p.
222 1070 578 1128 »proditionis
635 1072 722 1112 est
768 1069 824 1111 in
872 1069 1092 1111 crimen
1144 1071 1415 1111 vocatus:
1464 1072 1711 1111 vexatus
1757 1083 1786 1111 a

55 1468 101 1504 15

127 1146 202 1202 Q.
235 1147 410 1191 Vario
442 1149 512 1190 tr.
545 1147 620 1202 pl-.
654 1149 754 1188 est.

226 1224 331 1268 Non
363 1225 512 1268 multo
545 1226 668 1278 ante,
708 1224 874 1266 Italico
916 1224 1041 1266 bello
1084 1227 1262 1277 exortO,
1297 1236 1405 1265 cum
1443 1224 1500 1265 ob
1534 1224 1673 1266 sociis
1706 1237 1783 1267 ne-
1823 1243 1831 1252 ·

137 1305 299 1358 gatam
331 1301 580 1357 civitatem
612 1301 836 1343 nobilitas
868 1301 917 1342 in
951 1300 1136 1343 invidia
1168 1302 1303 1354 esset,
1337 1298 1390 1353 Q.
1426 1300 1599 1343 Varius
1631 1304 1687 1343 tr.
1722 1302 1783 1357 pl.

136 1380 296 1435 legem
333 1379 443 1422 tulit
485 1382 537 1421 ut
575 1381 892 1434 quaereretur
933 1378 992 1420 de
1034 1378 1104 1432 iis,
1148 1390 1350 1432 quorum
1395 1391 1482 1433 ope
1524 1379 1784 1422 consiliove

135 1457 252 1502 socii
283 1460 454 1501 contra
485 1457 714 1513 populum
747 1457 798 1499 R.
823 1468 958 1498 arma
990 1456 1312 1511 sumpsissent.
1377 1459 1476 1498 tum
1511 1455 1565 1509 Q.
1595 1456 1783 1512 Caepio,

137 1537 277 1579 vetus
307 1535 535 1578 inimicus
577 1534 760 1588 Scauri,
805 1546 1003 1590 sperans
1025 1546 1074 1576 se
1098 1534 1339 1577 invenisse
1378 1537 1672 1589 sequestrem
1706 1549 1782 1591 op-

137 1613 378 1669 primendi
410 1613 514 1656 eius
545 1612 644 1667 egit
676 1614 727 1654 ut
750 1611 804 1665 Q.
827 1612 1000 1654 Varius
1020 1615 1077 1654 tr.
1100 1612 1162 1667 pl.
1188 1612 1301 1654 belli
1329 1613 1553 1655 concitati
1581 1613 1783 1656 crimine

137 1691 302 1734 adesse
335 1690 462 1746 apud
488 1702 539 1733 se
564 1690 798 1733 Scaurum
831 1690 1019 1732 iuberet
1043 1702 1168 1732 anno
1201 1690 1391 1732 LXXII.
1456 1691 1537 1732 ille
1570 1703 1657 1746 per
1683 1692 1781 1734 via-

136 1771 288 1812 torem
322 1767 595 1822 accersitus,
628 1780 738 1810 cum
772 1768 867 1809 iam
912 1780 973 1810 ex
1006 1768 1170 1810 morbo
1214 1768 1338 1810 male
1376 1769 1657 1823 solveretur,
1692 1770 1781 1812 dis-

135 1846 447 1890 suadentibus
478 1846 646 1888 amicis
668 1858 727 1887 ne
754 1857 803 1887 se
831 1845 881 1887 in
904 1846 988 1887 illa
1010 1845 1288 1888 valetudine
1311 1848 1358 1888 et
1379 1849 1535 1888 aetate
1569 1847 1781 1890 invidiae

134 1924 297 1980 populi
334 1923 559 1978 obiceret,
605 1923 799 1966 innixus
841 1923 1147 1966 nobilissimis
1178 1924 1435 1966 iuvenibus
1472 1925 1701 1979 processit
1732 1926 1781 1967 in

286 2016 324 2050 Q..

224 2056 248 2081 1.
269 2060 328 2093 que
347 2053 382 2086 P,
405 2051 425 2088 ἰῙ
445 2053 519 2080 SM.
621 2055 644 2080 2.
671 2055 703 2080 ct
727 2054 758 2085 (¹,
783 2053 840 2080 del.
862 2054 1043 2080 Mommsen.
1099 2060 1203 2080 rerum
1225 2055 1298 2080 ΝΜ.
1408 2056 1432 2081 3.
1454 2054 1590 2082 Glaucia
1612 2055 1777 2086 Lodoz'cus,

132 2096 264 2135 'olmdia
282 2104 440 2142 gracchis.
463 2107 495 2133 C.
569 2107 593 2132 5.
609 2108 721 2133 contra
735 2113 823 2134 reum
840 2106 1020 2138 Manutius,
1039 2106 1234 2133 contrarium
1255 2109 1284 2134 ('.
1359 2109 1383 2134 7.
1404 2107 1464 2134 fuit
1479 2110 1507 2134 S.
1582 2111 1606 2135 9.
1621 2111 1728 2136 custos
1746 2117 1778 2143 p,

134 2162 242 2190 auto!
265 2160 296 2188 0.
333 2159 382 2188 rei
402 2167 430 2194 p.
450 2161 545 2193 June..
563 2158 654 2194 reiip.
679 2162 709 2187 C.
783 2163 825 2188 10.
840 2162 975 2188 vexatus
996 2168 1053 2187 om.
1068 2162 1097 2190 S,
1123 2164 1253 2188 vezatus
1271 2162 1310 2188 Μ.
1377 2164 1491 2189 1211011
1512 2162 1612 2190 multo
1627 2163 1654 2196 ζ·
1667 2164 1732 2189 tum
1750 2163 1782 2190 NJ

134 2233 211 2261 ante
225 2232 362 2260 Asconio
382 2231 522 2260 reddidit
542 2231 713 2259 Patricius.
751 2203 790 2269 gb
810 2233 844 2263 P,
862 2232 903 2259 al)
924 2234 998 2260 SJI.
1073 2235 1114 2260 13.
1130 2232 1161 2259 111
1183 2240 1240 2260 om.
1261 2235 1289 2260 S.
1311 2235 1347 2260 tr.
1368 2233 1410 2268 pl.
1430 2242 1487 2260 om.
1509 2236 1536 2261 S.
1612 2237 1653 2261 14.
1667 2233 1718 2261 his
1740 2235 1781 2261 Jl.

135 2287 178 2314 1⁶.
196 2285 401 2323 numpssisset
421 2287 450 2313 S.
507 2285 596 2314 ceeio
617 2287 646 2312 S.
778 2288 819 2313 16.
840 2293 873 2313 sc
894 2286 1059 2314 invenisse
1081 2290 1279 2321 sequestrem
1302 2287 1615 2321 Isiesslings-Schoell,
1639 2296 1672 2315 se
1694 2287 1782 2315 inve-

134 2338 222 2368 1111οο
241 2346 276 2368 ιο
289 2339 492 2374 questionem
508 2341 538 2372 S,
556 2339 720 2367 invenisse
741 2347 775 2367 se
790 2341 836 2374 (sc
850 2348 884 2367 se
907 2342 955 2375 M)
970 2340 1171 2374 questionem
1195 2342 1224 2368 1’
1235 2342 1274 2368 JI.
1350 2343 1391 2368 17.
1406 2342 1474 2375 egit
1488 2343 1564 2376 Ιήιῃ
1585 2343 1626 2375 M,
1645 2350 1701 2369 om.
1718 2345 1739 2367 S
1747 2343 1781 2368 P.

134 2392 245 2422 varius
264 2393 402 2428 Poym‘us
423 2394 466 2426 M,
491 2393 604 2428 vanius
625 2394 691 2421 SI’.
765 2396 807 2421 18.
826 2393 936 2421 iulwrc
959 2397 987 2422 Ν.
1061 2397 1103 2422 19.
1124 2395 1299 2422 arcessitus
1320 2396 1346 2422 1¹
1357 2396 1392 2422 J!
1410 2398 1457 2430 (nt
1486 2397 1630 2431 semper).

181 2538 204 2572 3
231 2547 350 2583 quam
371 2538 478 2574 tulit:
505 2538 572 2573 cfr.
599 2538 678 2574 Cic.
702 2539 841 2573 Brut.
864 2539 920 2584 (52,
1044 2541 1063 2575 7
1091 2545 1134 2575 tr.
1164 2540 1232 2585 pL:
1259 2551 1292 2574 a.
1321 2541 1377 2574 91.

133 2596 222 2642 224³
241 2607 319 2643 pro
355 2597 467 2634 Bam.
493 2598 551 2643 24,
579 2598 642 2644 543
661 2609 740 2643 pro
765 2599 860 2634 Bab.
879 2611 920 2646 p.
1043 2600 1084 2634 11
1114 2604 1158 2634 tr.
1187 2599 1256 2644 pL:
1283 2610 1317 2634 a.
1346 2601 1402 2652 og,
1436 2577 1461 2636 ἲ

134 2655 168 2702 4,
201 2656 242 2702 9;
279 2655 549 2692 Pseudasc.
584 2657 693 2693 Verr.
727 2657 777 2703 II,
812 2658 876 2694 lib.
903 2659 921 2695 I
1042 2659 1245 2705 141egem
1272 2659 1360 2694 tulit
1388 2664 1482 2695 ctc.:
1513 2659 1617 2694 Val.
1651 2660 1778 2695 Max.

122 2715 319 2761 v263Va1.
347 2715 473 2752 Max.
500 2716 594 2752 VIII
621 2718 676 2752 18.
708 2717 789 2759 Quo
814 2729 920 2754 anno
993 2717 1086 2753 VIII
1112 2719 1145 2763 6,
1172 2718 1213 2762 43
1240 2719 1363 2764 App.
1402 2719 1434 2754 b.
1461 2731 1490 2755 c.
1518 2720 1535 2755 I
1575 2721 1637 2761 372
1677 2719 1777 2755 Cic.

135 2774 325 2811 Servilius
342 2774 520 2811 Scaurus
542 2776 708 2811 Glaucia
727 2777 845 2822 leqem
863 2789 919 2814 re·
998 2778 1109 2813 Tuse.
1137 2778 1175 2813 II
1202 2779 1259 2824 24,
1287 2779 1348 2823 573
1376 2779 1492 2814 Brut.
1522 2781 1577 2823 56,
1605 2780 1693 2822 Βοῦς
1720 2781 1776 2824 89,

127 2834 402 2881 petundarum
420 2836 565 2878 tulerit,
590 2838 632 2870 in
657 2837 837 2881 ambiguo
862 2849 918 2873 re—
992 2838 1080 2882 3043
1107 2837 1242 2873 Oros.
1262 2838 1293 2873 V
1315 2839 1378 2883 183
1406 2839 1584 2874 Charis.
1614 2840 1692 2883 193,
1718 2841 1778 2881 193

134 2893 397 2940 linquendum
414 2897 491 2931 est:
517 2896 584 2931 cfr.
603 2896 650 2931 H.
673 2896 783 2932 Pais
809 2898 919 2932 Fasti
993 2899 1072 2943 196,
1101 2899 1140 2943 ῖς
1168 2898 1249 2943 224,
1277 2899 1333 2933 ·21.

135 2954 281 2990 tm'bun.
302 2955 360 3000 pl.
382 2965 419 3000 p.
446 2955 525 2991 187.

280 3075 310 3106 Q.
332 3073 461 3101 Asconii
481 3074 616 3103 Permane
641 3077 753 3103 Cenem.
1614 3067 1630 3099 ’¹

1822 1626 1868 1660 Ξῖ)
1888 1628 1917 1661 S

1821 1710 1867 1745 20
1883 1711 1952 1746 KS
