2300 3528
7 167 29 272 ἕ
763 211 819 247 IN
846 210 1185 247 MILONIANAM
1752 209 1798 245 37

10 274 32 358 3?
154 309 264 355 Sex.
296 309 492 353 Teidius
535 312 740 364 senator,
773 310 855 364 qui
894 309 1014 352 forte
1057 321 1118 351 ex
1151 321 1262 351 rure
1303 309 1353 350 in
1388 308 1556 350 urbem
1589 310 1798 350 reverte—

15 377 18 380 *
156 387 312 442 batur,
343 387 535 431 sustulit
565 389 614 430 et
643 387 816 430 lectica
846 399 932 429 sua
963 386 1161 429 Romam
1188 386 1302 428 ferri
1326 385 1480 438 iussit;
1504 385 1604 440 ipse
1637 396 1801 427 rursus

150 465 324 509 eodem
357 465 484 508 unde
526 467 632 508 erat
670 477 888 519 egressus
919 476 967 507 se
1000 464 1194 519 recepit.
1258 464 1495 518 perlatum
1529 466 1600 505 est
1630 474 1802 518 corpus

156 540 310 586 Clodii
327 544 439 585 ante
456 542 663 598 primam
695 541 848 585 noctis
872 541 1054 596 horam,
1082 541 1372 595 infimaeque
1397 540 1551 596 plebis
1573 542 1620 582 et
1641 552 1800 583 servo·

96 625 120 662 5
155 628 263 663 rum
295 619 509 662 maxima
540 619 795 662 multitudo
828 631 1001 674 magno
1027 619 1160 662 luctu
1193 631 1365 673 corpus
1396 618 1447 660 in
1479 617 1600 660 atrio
1633 618 1802 660 domus

155 696 365 753 positum
405 697 735 740 circumstetit.
808 697 1018 751 augebat
1048 700 1210 739 autem
1255 696 1368 739 facti
1411 695 1646 738 invidiam
1679 707 1800 737 uxor

156 772 310 818 Clodii
341 773 528 830 Fulvia,
571 787 694 830 quae
738 786 848 817 cum
882 775 1033 817 effusa
1076 773 1419 816 lamentatione
1452 773 1657 816 vulnera
1699 772 1802 815 eius

155 851 448 896 ostendebat.
511 852 666 894 maior
685 850 875 907 postera
896 852 974 894 die
1000 852 1108 894 luce
1130 852 1287 907 prima
1308 851 1564 894 multitudo
1586 851 1800 894 eiusdem

10 991 12 994 v
155 929 348 986 generis
372 930 617 985 confluxit,
641 930 1006 985 compluresque
1029 930 1128 972 noti
1151 930 1368 972 homines
1390 930 1481 973 visi
1505 932 1616 972 sunt
1647 927 1673 986 Ι[
1676 929 1803 972 inter

73 1015 119 1051 10
156 1020 274 1064 quos
304 1006 354 1052 C.
387 1008 619 1051 Vibienus
650 1006 884 1064 senatorll.
961 1011 1065 1070 erat
1096 1008 1264 1050 domus
1296 1007 1450 1050 Clodii
1483 1011 1594 1051 ante
1626 1019 1802 1063 paucos

155 1097 344 1129 menses
375 1087 537 1140 empta
578 1086 637 1128 de
669 1085 728 1128 M.
761 1084 940 1128 Scauro
964 1086 1013 1128 in
1035 1086 1237 1128 Palatio:
1272 1086 1439 1128 eodem
1481 1086 1529 1128 T.
1562 1085 1803 1128 Munatius

154 1163 374 1218 Plancus,
417 1163 568 1206 frater
608 1163 660 1205 L.
698 1163 863 1206 Planci
907 1163 1120 1218 oratoris,
1163 1166 1212 1206 et
1248 1162 1302 1216 Q.
1346 1163 1600 1218 Pompeius
1640 1163 1801 1218 Rufus,
1840 1170 1934 1204 3341}

154 1240 316 1296 Syllae
334 1241 582 1284 dictatoris
604 1253 664 1283 ex
687 1241 787 1283 filia
808 1253 967 1296 nepos,
986 1241 1166 1283 tribuni
1185 1242 1248 1296 pl.
1272 1244 1612 1284 accurrerunt:
1639 1241 1803 1296 eisque
1841 1230 1887 1312 {²21}
1901 1232 1937 1313 ἶ

154 1319 457 1362 hortantibus
478 1319 654 1374 vulgus
675 1319 952 1374 imperitum
976 1331 1149 1374 corpus
1167 1320 1349 1362 nudum
1368 1331 1426 1362 ac
1443 1320 1662 1373 lutatam,
1681 1321 1804 1362 sicut

71 1401 118 1438 15
154 1397 206 1440 in
235 1397 362 1440 lecto
393 1399 499 1440 erat
529 1397 749 1452 positum,
795 1399 846 1439 ut
887 1398 1094 1441 vulnera
1135 1397 1292 1440 videri
1341 1400 1531 1452 possent
1562 1397 1612 1439 in
1646 1397 1801 1440 forum

154 1475 329 1519 detulit
359 1477 408 1518 et
427 1475 477 1518 in
499 1475 679 1518 Rostris
699 1475 868 1530 posuit.
932 1475 998 1517 ibi
1023 1488 1108 1530 pro
1129 1475 1350 1518 contione
1371 1475 1576 1518 Plancus
1599 1478 1646 1517 et
1667 1475 1801 1517 Pom-

154 1553 305 1609 peius,
337 1553 420 1609 qui
446 1553 837 1608 competitoribus
862 1553 1051 1595 Milonis
1077 1553 1345 1607 studebant,
1369 1553 1605 1596 invidiam
1638 1553 1801 1595 Miloni
1841 1561 1886 1596 29
1904 1561 1968 1595 [ss

157 1631 390 1674 fecerunt.
453 1631 669 1687 populus,
702 1617 824 1674 duce
857 1630 964 1673 Sex.
1004 1629 1168 1673 Clodio
1190 1631 1363 1684 scriba,
1387 1643 1560 1685 corpus
1576 1630 1624 1672 P.
1650 1629 1802 1673 Clodii

154 1709 206 1752 in
255 1709 441 1752 curiam
495 1709 659 1752 intulit
716 1709 1048 1764 cremavitque
1108 1709 1346 1751 subselliis
1387 1711 1435 1751 et
1483 1708 1804 1750 tribunalibus

70 1795 118 1831 20
154 1789 203 1830 et
223 1787 401 1830 mensis
431 1789 480 1830 et
509 1787 755 1830 codicibus
786 1787 1119 1839 librariorum3
1152 1799 1244 1841 quo
1272 1787 1383 1841 igne
1407 1789 1454 1828 et
1480 1787 1583 1841 ipsa
1614 1799 1802 1841 quoque

155 1865 295 1910 curia
325 1865 566 1920 flagravit,
599 1867 647 1907 et
678 1865 793 1907 item
815 1865 986 1908 Porcia
1007 1864 1220 1919 basilica,
1254 1877 1378 1919 quae
1412 1867 1516 1907 erat
1547 1865 1592 1906 ei
1625 1864 1803 1918 iuncta,

154 1943 376 1990 ambusta
395 1946 479 1986 est.
543 1943 712 1985 domus
743 1955 932 1998 quoque
964 1942 1023 1985 M.
1057 1942 1226 1998 Lepidi
1249 1942 1506 1997 interregis
1528 1968 1585 1972 —
1609 1942 1648 1984 is
1674 1943 1803 1985 enim

154 2021 463 2077 magistratus
494 2021 676 2064 curulis
709 2024 812 2063 erat
836 2024 1026 2063 creatus
1045 2046 1103 2050 —
1127 2024 1174 2063 et
1193 2021 1402 2063 absentis
1419 2021 1609 2063 Milonis
1636 2021 1804 2063 eadem

243 2130 268 2156 1.
287 2126 422 2156 'reidius
448 2126 596 2160 Willem&
620 2126 741 2154 Tmlius
766 2127 796 2154 Γ.
852 2127 884 2154 in
906 2134 963 2154 om.
982 2128 1011 2154 S.
1103 2129 1128 2154 3.
1149 2134 1298 2160 egressus
1327 2134 1362 2154 se
1392 2126 1532 2161 Madriy.
1562 2133 1745 2161 regressum
1770 2128 1804 2154 C.

152 2184 179 2210 Ι..
198 2180 394 2215 intimaeque
411 2189 444 2216 p.
468 2180 660 2214 infirmoque
685 2181 716 2207 (Ι.
773 2183 797 2207 9.
817 2180 879 2208 visi
899 2189 931 2216 p,
955 2180 1029 2207 elisi
1055 2183 1085 2207 (¹.
1159 2182 1238 2208 9-10.
1260 2180 1344 2208 inter
1364 2187 1444 2214 quos
1465 2179 1497 2208 C.
1517 2179 1676 2208 Vibienus
1696 2179 1740 2214 (C.
1760 2180 1805 2207 vi-

153 2234 304 2263 biennins
324 2235 355 2267 S,
378 2241 396 2262 e
416 2232 552 2262 vibEnus
572 2234 623 2268 M)
644 2236 775 2262 senator
799 2236 830 2267 C,
854 2234 912 2261 clel.
926 2234 1056 2262 Rinkes.
1131 2237 1173 2261 11.
1192 2233 1227 2261 Τ.
1248 2234 1431 2267 Manutius,
1456 2241 1512 2261 om.
1538 2234 1567 2261 C.
1651 2236 1693 2260 13.
1713 2241 1806 2261 aceu-

154 2290 323 2317 ourrorunt
335 2288 415 2315 PM.
490 2289 532 2314 14.
546 2285 751 2314 hortantibus
765 2287 863 2321 Pmsfl,
881 2286 1085 2314 obstantibus
1105 2288 1134 2315 ('.
1190 2294 1227 2314 ac
1242 2286 1381 2314 lutatum
1396 2287 1577 2319 Frocscher,
1596 2286 1759 2314 ealdatinn
1775 2287 1806 2314 C.

154 2344 198 2370 15.
216 2341 342 2377 possint
360 2342 435 2369 SM.
509 2343 552 2368 18.
572 2340 670 2368 duces
691 2342 723 2368 et
742 2341 817 2368 SM.
889 2343 932 2368 20.
953 2340 1074 2368 mensis
1085 2349 1117 2376 p,
1142 2340 1245 2368 menis
1260 2341 1290 2373 S,
1315 2347 1406 2368 niens
1420 2341 1499 2368 PM.
1573 2343 1615 2367 21.
1635 2339 1757 2367 ballica
1772 2341 1802 2371 S,

154 2394 266 2424 halica
284 2395 327 2424 M.

202 2486 222 2522 1
240 2485 420 2522 Teidius:
449 2485 544 2521 CIL.
566 2484 584 2520 Ι
600 2485 703 2530 1090,
726 2484 783 2519 III
807 2485 941 2531 123183
1064 2486 1109 2520 18
1135 2485 1305 2531 populus
1336 2488 1434 2520 etc:
1463 2485 1553 2520 Dio
1587 2484 1657 2520 XL
1683 2485 1740 2530 49,
1763 2485 1805 2520 23

154 2545 283 2582 Plut.
311 2545 447 2591 Pomp.
473 2545 530 2581 64.
1015 2546 1095 2581 sch.
1121 2545 1214 2580 Bob.
1242 2545 1329 2580 Mil.
1356 2555 1440 2590 ary.

202 2606 246 2641 11
275 2605 415 2642 eodem
445 2605 489 2641 Τ.
530 2605 733 2641 Munatius
771 2605 942 2641 Plancus
1063 2605 1110 2640 2⁶2
1138 2605 1281 2641 domus
1308 2615 1469 2650 quoque
1496 2608 1570 2640 etc.
1593 2603 1695 2641 Cic.
1719 2605 1806 2640 Mil.

155 2669 251 2702 eta:
276 2665 365 2700 Dio
391 2664 462 2700 XL
487 2665 545 2711 49,
573 2666 606 2701 1.
1017 2666 1049 2711 5,
1076 2666 1122 2701 13
1148 2669 1187 2701 et
1212 2654 1290 2701 sch.
1320 2666 1408 2700 Rob.

204 2726 250 2762 13
274 2723 407 2772 Syllae
424 2724 626 2761 dictatoris
644 2736 695 2761 ex
714 2726 792 2760 filia
806 2735 942 2771 nepos:
1065 2725 1116 2761 M.
1143 2725 1301 2771 Lepidi:
1330 2725 1380 2761 M.
1403 2725 1594 2761 Aemilius
1619 2725 1806 2771 Lepidus,

154 2785 245 2821 Val
267 2812 275 2821 .
318 2785 450 2821 Max.
494 2784 548 2821 IV
586 2785 620 2831 2,
659 2787 698 2831 73
740 2785 830 2820 Dio
872 2785 942 2821 XL
1017 2796 1123 2821 cons,
1151 2796 1185 2821 a.
1211 2786 1257 2820 46
1285 2785 1492 2829 et42,111
1517 2785 1577 2820 vir
1603 2796 1636 2820 a.
1676 2785 1803 2820 43-36.

156 2846 226 2891 45;
252 2846 319 2882 cfr.
347 2845 563 2881 Babelon
588 2845 627 2881 ΙΙ
653 2857 690 2891 p.
717 2846 798 2881 338.
1064 2846 1111 2882 23
1136 2849 1176 2880 et
1202 2846 1377 2880 absentis
1403 2844 1560 2884 Milonis
1587 2848 1683 2880 etc:
1713 2844 1805 2878 Dio

206 2905 323 2940 13-14
349 2905 486 2951 eisque
510 2905 759 2941 hortantibus
796 2905 942 2952 vulgus
1016 2905 1087 2940 XL
1122 2905 1179 2950 49,
1202 2905 1290 2951 3-43
1317 2905 1440 2950 App.
1466 2905 1498 2940 b.
1532 2915 1562 2939 e.
1593 2904 1630 2939 II
1655 2904 1719 2949 <213
1742 2914 1803 2950 pe-

155 2969 252 3001 etc.:
269 2965 388 3011 App.
406 2966 439 3001 b.
457 2976 486 3000 c.
506 2965 544 3001 ΙΙ
558 2966 621 3012 21;
641 2966 675 3000 D
688 2966 733 3001 io
753 2965 823 3001 XL
837 2965 894 3011 49,
911 2967 941 3001 1.
1017 2966 1134 3003 νὶοεὴ,
1161 2965 1246 3002 Liv.
1274 2964 1389 3003 CVII.
