2300 3528
366 687 410 720 96
426 685 494 720 KS

371 734 416 767 30
434 733 494 767 OS

395 780 438 815 31
455 781 491 815 Β

527 292 572 332 34
1218 286 1463 328 ASCONivs

1148 705 1265 749 PRO
1297 704 1528 748 MILONE

617 827 889 870 Orationem
921 825 1048 868 hano
1078 825 1200 867 dixit
1235 823 1317 867 Cn.
1350 824 1573 878 Pompeio
1605 823 1675 865 ΠΙ
1707 835 1798 866 cos.
1831 836 1872 865 a.
1905 823 1949 866 d.
1983 823 2050 866 VI
2080 822 2148 866 Id.

525 905 673 959 April.
741 904 866 958 quod
903 903 1133 945 iudicium
1171 914 1280 944 cum
1313 903 1549 955 ageretur,
1589 900 1853 943 exercitum
1885 900 1935 942 in
1971 900 2072 943 foro
2103 901 2151 942 et

526 982 575 1023 in
607 982 824 1023 omnibus
860 980 1060 1034 templis,
1091 991 1213 1034 quae
1245 978 1427 1021 circum
1462 979 1617 1020 forum
1653 980 1774 1032 sunt,
1808 977 2089 1020 collocatum
2122 989 2150 1019 a

525 1058 606 1101 Cn.
630 1058 852 1112 Pompeio
874 1058 1015 1099 fuisse
1043 1070 1136 1099 non
1159 1059 1343 1099 tantum
1376 1069 1436 1098 ex
1456 1056 1668 1098 oratione
1695 1058 1742 1097 et
1765 1055 2044 1109 Annalibus,
2066 1054 2148 1096 sed
2185 1062 2208 1098 5

524 1137 667 1178 etiam
701 1148 761 1177 ex
783 1135 904 1177 libro
931 1137 1140 1189 apparet,
1164 1134 1244 1188 qui
1278 1133 1520 1176 Ciceronis
1546 1133 1737 1175 nomine
1763 1132 2040 1174 inscribitur
2061 1131 2148 1178 ‘de

524 1213 700 1268 optimo
731 1224 907 1267 genere
940 1214 1181 1254 oratorum
1201 1212 1232 1253 ⁷.

976 1340 1095 1384 ARG
1103 1340 1401 1383 VMENTVM
1433 1339 1556 1383 HOC
1587 1339 1695 1382 EST

618 1444 665 1486 T.
698 1443 881 1485 Annius
921 1443 1031 1484 Milo
1069 1445 1116 1484 et
1156 1442 1204 1483 P.
1237 1441 1449 1483 Plautius
1490 1441 1739 1495 Hypsaeus
1770 1442 1818 1482 et
1848 1437 1902 1492 Q.
1929 1438 2147 1481 Metellus

521 1521 676 1575 Scipio
708 1521 1004 1562 consulatum
1030 1519 1270 1574 petierunt
1295 1531 1389 1560 non
1415 1518 1565 1560 solum
1588 1517 1840 1571 largitione
1862 1516 2020 1571 palam
2042 1527 2146 1570 pro·
2183 1523 2230 1558 10

522 1598 637 1651 fusa,
670 1598 751 1639 sed
784 1597 927 1639 etiam
961 1596 1244 1638 factionibus
1276 1597 1567 1636 armatorum
1599 1593 1843 1636 succincti.
1905 1592 2070 1634 Miloni
2100 1594 2148 1634 et

521 1675 682 1718 Clodio
724 1687 936 1717 summae
983 1675 1120 1716 erant
1164 1672 1457 1726 inimicitiae,
1497 1672 1621 1726 quod
1664 1674 1711 1713 et
1750 1671 1861 1713 Milo
1904 1669 2147 1713 Ciceronis

522 1755 624 1794 erat
655 1751 968 1794 amicissimus
989 1751 1038 1792 in
1061 1750 1424 1803 reducendoque
1451 1761 1505 1791 eo
1528 1749 1669 1791 enixe
1693 1760 1884 1803 operam
1907 1750 1964 1790 tr.
1981 1747 2044 1802 pl.
2067 1746 2146 1789 de-

486 1846 489 1849 ’
521 1831 668 1881 derat,
702 1832 749 1871 et
779 1829 826 1870 P.
860 1827 1050 1870 Clodius
1075 1828 1290 1870 restituto
1316 1839 1502 1880 quoque
1534 1825 1751 1868 Ciceroni
1777 1828 1881 1868 erat
1905 1824 2145 1868 infestissi-

522 1919 625 1948 mus
657 1907 856 1960 ideoque
898 1917 1081 1947 summe
1123 1904 1341 1946 studebat
1387 1903 1606 1957 Hypsaeo
1649 1905 1696 1944 et
1736 1902 1943 1957 Scipioni
1980 1903 2147 1944 contra
2184 1905 2229 1940 15

520 1983 755 2024 Milonem.
819 1994 876 2024 ac
907 1993 1046 2036 saepe
1079 1981 1204 2023 inter
1235 1993 1283 2022 se
1310 1980 1422 2021 Milo
1445 1982 1492 2021 et
1513 1979 1703 2022 Clodius
1724 1991 1833 2022 cum
1856 1978 1952 2021 suis
1983 1977 2145 2020 factio-

609 2131 633 2156 1.
652 2127 714 2155 Tit.
734 2127 814 2154 PRO
836 2126 875 2154 M.
895 2125 1054 2154 SCAVRO
1081 2125 1193 2154 FINIS
1223 2124 1381 2153 INCIPIT
1410 2124 1490 2152 PRO
1520 2124 1684 2153 MILONE
1703 2125 1769 2158 SP,
1792 2132 1849 2151 om.
1869 2125 1911 2151 M.
2019 2126 2044 2151 2.
2062 2122 2146 2150 hanc

521 2182 640 2216 Slanyl,
664 2189 720 2208 om.
744 2182 774 2208 C.
829 2188 855 2208 a.
876 2180 903 2208 d.
923 2182 952 2213 S,
977 2179 1017 2207 ad
1037 2181 1114 2206 PM.
1203 2182 1228 2206 4.
1249 2175 1309 2206 oib'
1333 2179 1366 2205 in
1386 2179 1419 2205 P.
1510 2180 1534 2205 5.
1554 2185 1617 2205 non
1637 2186 1694 2206 om.
1708 2179 1797 2206 S¹P¹.
1851 2185 1891 2206 ex
1911 2176 2057 2205 oratione
2078 2177 2146 2204 Ma-

520 2235 643 2265 nutius.
667 2242 706 2262 ex
727 2242 765 2262 ea
786 2234 909 2261 ratione
935 2235 964 2261 C.
1039 2235 1063 2259 6.
1085 2232 1277 2260 describitur
1298 2233 1326 2259 S.
1400 2234 1424 2259 9.
1446 2231 1480 2258 T.
1502 2232 1684 2265 Manutius,
1709 2239 1765 2259 om.
1791 2231 1820 2258 0.
1876 2230 2022 2266 hypheus
2043 2231 2075 2264 S,
2097 2229 2144 2258 hi-

520 2295 615 2322 pseus
633 2289 668 2315 P.
753 2290 794 2314 12.
814 2294 842 2320 q.
862 2286 889 2314 d.
910 2287 939 2313 S.
979 2279 981 2282 ’
1025 2288 1066 2312 13.
1086 2287 1123 2312 tr.
1142 2285 1183 2318 pl.
1202 2284 1330 2317 Rinkes,
1354 2284 1400 2312 rei
1420 2291 1448 2318 p.
1473 2284 1502 2312 C.
1591 2286 1632 2311 14.
1653 2283 1800 2311 restituto
1820 2289 1945 2317 quoque
1964 2283 1995 2316 S,
2019 2281 2147 2310 restitu-

521 2342 615 2374 toque
635 2341 670 2374 P,
692 2339 839 2367 restituto
860 2339 899 2365 M
912 2339 958 2365 ΡΞ.

567 2477 589 2511 2
616 2476 839 2512 Orationem
854 2476 955 2510 hanc
971 2475 1068 2509 dixit
1083 2477 1176 2509 etc:
1194 2484 1228 2508 a.
1243 2474 1299 2518 523
1370 2474 1410 2507 in
1428 2473 1731 2518 reducendoque
1750 2483 1795 2507 eo
1814 2470 1906 2519 etei:
1924 2473 2045 2518 App.
2063 2473 2096 2508 b.
2115 2483 2144 2508 c.

521 2536 610 2571 Dio
638 2536 706 2570 XL
734 2536 789 2580 53,
816 2535 848 2570 2.
1370 2532 1408 2566 II
1434 2533 1499 2578 163
1535 2532 1627 2567 Dio
1658 2531 1828 2566 XXXIX
1853 2534 1896 2578 ’ῖς
1934 2532 2036 2568 Cic.
2068 2543 2146 2578 pro

569 2595 590 2629 5
617 2605 666 2629 cx
692 2594 886 2629 oratione:
924 2593 1023 2629 Cic.
1051 2603 1128 2638 pro
1158 2592 1245 2627 Mil.
1281 2591 1299 2626 I
1370 2590 1463 2625 Sest.
1490 2591 1546 2636 40,
1571 2591 1617 2626 86
1631 2601 1725 2635 sqq.‚
1744 2601 1786 2636 p.
1813 2602 1845 2626 r.
1866 2593 1909 2626 in
1933 2601 2012 2627 sen.
2029 2591 2062 2637 8,
2081 2591 2145 2636 193

522 2655 602 2689 1—3.
1370 2649 1426 2694 12,
1452 2650 1509 2695 30,
1534 2649 1586 2684 ad
1614 2649 1720 2690 Quir.
1746 2650 1779 2694 6,
1806 2649 1862 2685 15.

568 2714 590 2747 6
617 2723 667 2747 ex
690 2712 806 2746 libro:
832 2713 854 2756 ξ
881 2712 936 2746 10.
1418 2709 1463 2743 13
1488 2711 1531 2743 tr.
1557 2708 1606 2752 pl.
1634 2718 1667 2742 a.
1694 2708 1749 2743 57.
2120 2745 2126 2747 .

567 2772 588 2806 9
614 2772 657 2806 T.
690 2770 844 2805 Annius
871 2770 962 2804 Milo
1002 2772 1083 2804 etc:
1109 2769 1199 2803 Dio
1227 2767 1296 2802 XL
1416 2767 1460 2802 15
1486 2767 1654 2811 ideoque
1673 2776 1823 2802 summe
1841 2767 2024 2802 studebat
2050 2770 2144 2803 etc.:

520 2831 576 2875 46,
603 2831 642 2875 33
668 2830 724 2875 48,
752 2830 792 2874 13
826 2829 881 2874 53,
909 2829 949 2873 13
982 2828 1107 2862 Plut.
1138 2827 1217 2862 Cat.
1244 2838 1296 2861 m.
1370 2826 1434 2860 cfr.
1462 2825 1559 2861 Cic.
1579 2836 1656 2870 pro
1681 2826 1767 2861 Mil.
1793 2827 1826 2871 9,
1852 2826 1908 2862 25.

520 2890 582 2934 473
596 2889 762 2934 perioch.
781 2888 883 2922 Liv.
903 2886 1025 2931 CVII,
1045 2887 1122 2921 sch..
1143 2886 1233 2920 Bob.
1252 2886 1297 2920 de
1416 2886 1460 2920 16
1487 2895 1533 2919 ac
1564 2894 1683 2929 saepe
1712 2885 1814 2919 inter
1838 2895 1880 2920 se
1912 2889 2005 2921 etc.:
2043 2885 2142 2922 Cic.

519 2959 604 2983 aere
628 2949 678 2982 al.
706 2948 791 2982 Mil.
817 2958 899 2991 ary.
1362 2954 1438 2988 pro
1463 2945 1548 2978 Mil.
1575 2943 1630 2988 14,
1656 2944 1719 2989 38;
1754 2945 1810 2988 15,
1837 2944 1962 2990 40-41,
1988 2945 2041 2980 ad
2063 2945 2142 2980 Ait.

567 3006 611 3041 12
627 3006 716 3040 Milo
732 3005 928 3040 Ciceronis
943 3007 1024 3039 erat
1039 3004 1295 3038 amicissimus
1368 3002 1420 3038 IV
1446 3003 1479 3047 3,
1499 3013 1575 3047 pro
1600 3002 1693 3037 Sest.
1719 3003 1775 3048 41,
1797 3003 1852 3038 88.
