2300 3528
369 525 414 558 38
429 524 468 557 K
467 524 497 558 S

397 1423 492 1461 4413

397 2303 494 2339 440

531 269 576 303 48
1216 265 1462 303 ASCONIVS

532 362 675 403 moris
707 362 766 403 ab
800 374 853 403 eo
886 362 967 415 qui
1009 361 1190 415 primus
1229 361 1443 404 interrex
1474 363 1686 417 proditus
1717 366 1820 405 erat
1850 363 2041 405 comitia
2071 363 2151 406 ha·

531 439 646 479 beri.
709 438 790 479 sed
822 437 1053 492 Scipionis
1075 440 1121 479 et
1142 437 1351 491 Hypsaei
1374 438 1612 493 factiones,
1636 440 1748 493 quia
1780 452 1946 482 reeens
1970 440 2154 483 invidia

530 515 716 556 Milonis
748 518 862 568 erat,
896 527 1004 557 oum
1038 517 1202 557 eontra
1234 515 1306 557 ius
1337 515 1630 569 postularent
1661 519 1712 558 ut
1748 517 1961 559 interrex
1987 517 2046 559 ad
2078 529 2152 560 eo-

531 592 665 633 mitia
713 592 959 633 consulum
1011 592 1326 634 creandorum
1374 593 1695 647 descenderet,
1730 593 1873 647 idque
1913 594 2012 648 ipse
2059 605 2153 636 non

530 669 722 722 faceret,
748 667 852 724 ssetfl
885 669 1077 710 domum
1111 669 1212 710 eius
1243 681 1329 722 per
1359 681 1521 711 omnes
1553 670 1814 724 interregni
1847 670 1948 712 dies
1971 694 2030 701 —-
2055 670 2152 712 fue·

530 748 638 787 rant
669 748 827 787 autem
861 757 920 787 ex
958 757 1087 787 more
1130 746 1339 799 quinque
1371 771 1429 776 —
1460 747 1758 788 obsiderunt·
1822 747 1994 790 deinde
2025 748 2153 789 omni

529 822 579 864 vi
605 823 750 864 ianua
775 825 1047 877 expugnata
1069 824 1116 864 et
1136 822 1368 876 imagines
1390 823 1622 865 maiorum
1645 824 1922 866 deiecerunt
1941 826 1988 866 et
2008 821 2153 866 lectu·

529 900 628 941 lum
676 900 930 942 adversum
984 900 1145 941 uxoris
1196 900 1298 942 eius
1344 899 1605 954 Corneliae,
1654 901 1789 943 euius
1835 901 2025 943 castitas
2069 913 2154 956 pro

530 978 747 1031 exemplo
780 977 943 1018 habita
965 980 1046 1031 est,
1074 977 1332 1031 fregerunt,
1355 978 1564 1032 itemque
1587 978 1717 1032 telas,
1745 990 1866 1032 quae
1899 991 1960 1020 ex
1990 980 2154 1021 vetere

530 1066 660 1095 more
692 1054 739 1095 in
774 1054 894 1095 atrio
926 1054 1224 1108 texebantur,
1258 1054 1519 1096 diruerunt.
1593 1058 1695 1108 post
1726 1067 1847 1109 quae
1879 1054 2156 1110 supervenit

528 1130 714 1172 Milonis
747 1143 927 1184 manus,
975 1133 1022 1173 et
1068 1131 1170 1185 ipsa
1215 1131 1456 1185 postulans
1502 1132 1706 1186 comitia,
1749 1132 1883 1174 euius
1923 1132 2156 1174 adventus

530 1208 620 1249 fuit
651 1208 790 1250 saluti
823 1208 1026 1262 Lepido:
1059 1208 1109 1249 in
1135 1220 1184 1250 se
1207 1209 1333 1250 enim
1358 1209 1487 1262 ipsae
1510 1221 1768 1251 conversae
1794 1211 1902 1251 sunt
1927 1209 2156 1251 factiones

529 1285 766 1339 inimicae,
799 1287 940 1339 atque
974 1285 1040 1326 ita
1072 1285 1357 1339 oppugnatio
1390 1286 1556 1327 domus
1587 1286 1839 1339 interregis
1870 1286 2041 1328 omissa
2071 1288 2153 1328 est.

1155 1403 1354 1450 PAVLO
1386 1407 1533 1451 POST

621 1518 664 1568 (ξ
701 1517 785 1569 14.)
820 1514 1049 1568 Quodsi
1082 1527 1186 1569 per
1218 1515 1501 1556 furiosum
1533 1514 1696 1555 illum
1729 1517 1796 1556 tr.
1829 1514 1902 1569 pl.
1935 1514 2154 1556 senatui

530 1593 672 1647 quod
705 1593 994 1634 sentiebat
1025 1592 1333 1646 perficere
1375 1591 1695 1645 licuisset,
1730 1603 1944 1634 novam
1984 1598 2154 1646 quae-

529 1670 771 1712 stionem
805 1669 1028 1710 nullam
1070 1669 1435 1711 haberemus.
1514 1665 2057 1710 decernebatssenim
2098 1670 2157 1710 ut

529 1746 836 1789 veteribus
883 1746 1150 1799 legibus,
1198 1745 1613 1786 tantummodo
1662 1747 1830 1786 extra
1876 1744 2154 1798 ordinem,

529 1826 964 1878 quaereretur.
1058 1823 1263 1865 divisa
1309 1822 1622 1864 sententia
1668 1824 1763 1863 est
1807 1806 2155 1876 postulante

529 1901 729 1943 neseio
786 1912 921 1954 quo.
967 1925 1022 1929 —
1054 1900 1141 1941 sio
1203 1899 1448 1953 reliqua
1502 1898 1851 1940 auotoritas
1897 1899 2156 1940 ‘senatus

529 1981 713 2032 empta
744 1977 1184 2019 intercessione
1217 1976 1447 2017 sublata
1479 1978 1578 2017 est.

617 2054 741 2107 Quid
773 2055 832 2096 sit
858 2054 1114 2096 dividere
1147 2053 1524 2095 sententiam
1558 2055 1609 2094 ut
1635 2052 1951 2094 enarrandum
1985 2051 2045 2093 sit
2075 2063 2153 2094 Ve—

528 2135 626 2173 stra
659 2135 799 2186 aetas,
833 2131 931 2185 filii,
966 2131 1091 2172 facit.

617 2208 734 2251 Cum
767 2208 939 2262 aliquis
960 2208 1009 2249 in
1042 2207 1244 2249 dicenda
1269 2207 1503 2248 sententia
1534 2207 1651 2248 duas
1675 2207 1898 2260 pluresve
1924 2217 1999 2247 res
2029 2217 2153 2267 eom-

528 2287 764 2341 pleetitur,
789 2283 892 2342 ssetfl
916 2286 953 2327 si
987 2297 1079 2326 non
1112 2295 1274 2326 omnes
1306 2296 1390 2326 eae
1416 2284 1689 2338 probantur,
1712 2283 1990 2338 postulaturv
2006 2284 2058 2324 ut
2087 2282 2155 2324 di-

528 2364 733 2416 vidatur,
768 2363 816 2403 id
849 2365 918 2404 est
950 2362 1008 2403 de
1050 2362 1191 2403 rebus
1227 2362 1425 2415 singulis
1467 2362 1714 2403 referatur.
1802 2360 1997 2402 forsitan
2028 2371 2156 2402 nunc

527 2441 614 2482 hoc
642 2452 829 2494 quoque
850 2439 1009 2482 velitis
1041 2439 1176 2492 seire,
1199 2439 1279 2492 qui
1307 2438 1449 2480 fuerit
1470 2438 1551 2496 qui
1574 2438 1621 2479 id
1647 2436 1968 2496 postulaverit.
2031 2436 2154 2498 quod

616 2582 640 2606 2.
661 2578 819 2606 factiones
843 2587 875 2613 p,
907 2578 1059 2605 factionis
1093 2578 1122 2605 C.
1231 2578 1255 2604 5.
1285 2577 1410 2604 domum
1437 2585 1470 2611 p,
1502 2578 1533 2604 et
1562 2576 1688 2604 domum
1722 2577 1752 2603 C.
1859 2577 1919 2603 5-(5.
1948 2575 2054 2603 fuerat
2082 2575 2156 2602 SM.

528 2633 552 2658 9.
573 2631 713 2664 itemque
734 2632 914 2663 stlanulz'us,
938 2633 1071 2664 uterque
1097 2631 1126 2657 C.
1200 2632 1241 2656 10.
1263 2629 1467 2656 textebantur
1487 2630 1560 2656 SM.
1615 2635 1695 2662 quae
1714 2628 1843 2661 Rinkes,
1867 2635 1927 2662 que
1947 2628 2026 2661 PM,
2049 2634 2105 2654 om.
2125 2627 2155 2654 S.

528 2676 783 2718 supervenerunt
804 2685 884 2718 Smgy,
907 2691 1160 2717 supervenenum
1182 2684 1211 2710 S.
1296 2686 1338 2709 11.
1357 2683 1425 2716 ipse
1445 2683 1492 2709 Pl.
1577 2684 1618 2709 14.
1638 2689 1694 2708 om.
1714 2682 1756 2708 M.
1846 2684 1888 2708 23.
1908 2681 1988 2709 facit
2005 2674 2151 2715 Poyyiu's,

528 2728 608 2783 faeitt
627 2756 662 2788 P,
687 2754 787 2782 faeiat
807 2756 881 2781 SM.
972 2756 1014 2781 25.
1035 2756 1067 2781 et
1091 2755 1121 2787 C,
1145 2754 1201 2780 del.
1227 2754 1327 2780 Clark.
1382 2755 1418 2788 ec}
1439 2754 1474 2786 P,
1498 2742 1534 2780 ‹Te
1554 2754 1596 2779 ΑΙ.
1651 2751 1830 2786 postulatur
1850 2751 2029 2784 Manutius,
2051 2752 2156 2785 postu-

528 2809 574 2835 lat
593 2810 622 2835 C.
696 2809 791 2835 25-26.
811 2807 974 2834 dividatur
991 2807 1112 2839 Baiter,
1137 2806 1321 2833 dividantur
1345 2807 1374 2833 C.
1447 2808 1488 2833 26.
1508 2805 1666 2833 referatur
1682 2813 1714 2839 p,
1738 2804 1917 2831 referantur
1941 2804 1970 2831 C.
2044 2805 2075 2831 27
2094 2802 2155 2830 hoe

530 2870 586 2889 om.
607 2863 653 2894 1³1,
677 2861 747 2888 add.
767 2862 850 2894 Pin-51.
906 2861 959 2894 qui
981 2860 1013 2886 id
1033 2860 1343 2893 Kiessliny-Sehoell,
1370 2859 1444 2892 quid
1466 2861 1494 2892 S,
1518 2859 1571 2892 qui
1591 2859 1668 2885 PM.
1728 2855 1731 2857 ’

577 2992 621 3025 15
649 2991 794 3032 Quodsi
819 3001 888 3035 per
914 2991 1102 3024 furiosum
1130 2994 1221 3024 ete:
1247 2991 1323 3024 seh.
1352 2990 1442 3024 Bob.
1469 2990 1555 3024 Mil.
1582 2988 1636 3023 14.

2192 1064 2238 1099 10

2194 1525 2238 1560 15

2192 1909 2239 1944 20

2192 2292 2238 2328 25
