2300 3528
354 975 399 1010 59
416 975 485 1011 KS

387 1205 486 1241 670

525 260 570 297 72
1210 262 1458 299 ASCONIVS
1514 292 1516 295 ,
1540 286 1555 291 κ

524 355 755 398 Catilinae
783 357 1088 411 omniumque
1110 358 1415 400 consiliorum
1437 359 1538 401 eius
1563 359 1799 414 particeps
1832 362 1880 402 et
1901 358 2156 401 turbarum„

523 435 700 475 auctor.

1118 494 1251 537 VER.
1286 494 1397 538 CIR.
1433 509 1474 535 00
1510 495 1554 537 X

609 587 832 630 Possum
866 589 1074 631 dicere
1106 590 1387 632 hominem
1426 603 1647 632 summa
1678 590 1996 645 prudentia
2025 599 2146 645 spe·

522 667 753 718 ctatum,
811 664 865 707 C.
924 664 1162 719 Cottam,
1220 667 1283 708 de
1334 667 1447 709 suis
1493 667 1725 722 legibus
1787 665 2148 721 abrogandis
2182 665 2207 700 ὅ

519 741 703 796 ipsum
737 743 801 784 ad
834 745 1081 785 senatum
1115 744 1453 786 rettulisse.

608 819 699 861 Hic
732 817 979 876 estjCotta,
1013 820 1071 862 de
1104 833 1195 874 quo
1229 821 1322 863 iam
1350 833 1490 876 saepe
1517 821 1736 876 diximus,
1765 833 1964 876 magnus
1989 823 2147 864 orator

518 896 708 938 habitus
750 900 797 938 et
834 909 1028 952 compar
1069 897 1119 939 in
1161 909 1217 939 ea
1258 898 1410 951 gloria
1450 898 1497 939 P.
1541 897 1748 953 Sulpicio
1786 900 1833 940 et
1874 896 1922 940 C.
1955 896 2145 940 Caesari

520 973 756 1016 Straboni.
821 974 1045 1017 videntur
1076 977 1234 1017 autem
1267 975 1317 1017 in
1343 975 1485 1017 rebus
1509 975 1670 1030 parvis
1702 958 1843 1017 fuisse
1869 975 1998 1029 leges
2019 974 2144 1028 illae,

519 1064 635 1105 quas
677 1063 785 1093 cum
829 1051 1023 1106 tulisset,
1063 1052 1245 1094 rettulit
1286 1052 1344 1094 de
1391 1052 1448 1094 iis
1489 1052 1773 1107 abrogandis
1815 1051 1874 1094 ad
1914 1054 2143 1094 senatum.
2182 1051 2228 1086 10

519 1141 629 1170 nam
661 1141 816 1183 neque
848 1130 973 1183 apud
999 1129 1273 1171 Sallustium
1296 1142 1449 1183 neque
1471 1130 1596 1184 apud
1621 1129 1813 1172 Livium
1839 1141 1994 1184 neque
2019 1128 2144 1183 apud

517 1205 833 1248 Fenestellam
859 1207 1000 1248 ullius
1021 1207 1216 1248 alterius
1238 1207 1362 1248 latae
1385 1207 1443 1248 ab
1467 1219 1521 1248 eo
1543 1206 1662 1260 legis
1678 1207 1747 1249 est
1763 1205 1938 1248 mentio
1954 1207 2146 1260 praeter

518 1294 624 1323 eam
656 1294 799 1336 quam
832 1282 881 1324 in
914 1283 1159 1324 consulatu
1188 1282 1297 1325 tulit
1317 1282 1470 1324 invita
1503 1282 1748 1324 nobilitate
1780 1294 1952 1336 magno
1982 1281 2143 1336 populi

517 1360 684 1414 studio,
719 1363 771 1402 ut
801 1360 858 1402 iis
900 1360 983 1414 qui
1026 1362 1084 1402 tr.
1120 1359 1183 1413 pl.
1229 1360 1426 1402 fuissent
1471 1360 1587 1402 alios
1623 1371 1809 1417 quoque
1841 1359 2144 1413 magistratus

517 1449 690 1491 capere
722 1438 910 1490 liceret3
944 1438 1068 1492 quod
1090 1438 1171 1479 lex
1193 1437 1423 1479 dictatore
1445 1437 1496 1478 L.
1519 1436 1652 1490 Sylla
1672 1436 1836 1491 paucis
1857 1436 1969 1479 ante
2001 1435 2144 1479 annis
2179 1434 2226 1470 15

516 1515 613 1557 lata
653 1515 962 1570 prohibebat:
1003 1526 1158 1568 neque
1190 1526 1295 1556 eam
1339 1512 1500 1556 Cottae
1542 1514 1696 1567 legem
1735 1513 2010 1567 abrogatam
2042 1523 2142 1554 esse

516 1593 763 1647 significat.

1181 1649 1484 1702 SEQVITVR

592 1742 840 1790 'Possum
873 1747 1050 1789 etiam
1083 1722 1336 1788 eiusdem
1374 1744 1572 1787 Cottae
1605 1745 1781 1798 legem
1813 1744 1881 1785 de
1913 1741 2142 1787 iudiciis

511 1825 754 1880 privatis
785 1837 926 1867 anno
959 1826 1082 1879 post
1106 1835 1266 1878 quam
1300 1823 1412 1865 lata
1449 1823 1521 1864 sit
1564 1835 1592 1864 a
1632 1821 1808 1863 fratre
1840 1820 1958 1864 eius
1989 1818 2139 1874 abro—
2177 1818 2224 1855 20

512 1905 717 1959 yatam.

601 2036 625 2060 1.
645 2034 787 2059 turarum
802 2032 831 2059 S.
904 2033 928 2059 3.
949 2038 1006 2058 om.
1020 2031 1064 2063 M,
1090 2029 1158 2057 wX.
1172 2029 1482 2063 Kiessliny-Sehoell,
1506 2027 1572 2055 SXI
1590 2028 1620 2055 C.
1691 2028 1752 2054 4-5.
1772 2026 1948 2060 spectatum
1962 2024 2139 2059 Kiessliny-

513 2086 642 2119 Schoell,
667 2086 793 2119 captum
819 2084 848 2111 C.
957 2085 982 2110 5.
1001 2082 1127 2110 Cottam
1148 2082 1185 2110 (16
1206 2083 1241 2115 Ρ,
1272 2083 1362 2109 cocta
1383 2081 1456 2108 inde
1477 2082 1507 2114 S,
1531 2082 1649 2108 cottam
1669 2079 1702 2107 in
1723 2080 1766 2107 M.
1857 2068 1898 2105 ³6.
1916 2074 2080 2106 retulisset
2097 2078 2139 2106 Sl.

511 2142 536 2167 9.
560 2139 709 2167 Straboni
730 2138 948 2173 Liehtenseldt,
1103 2136 1178 2169 SM,
1201 2143 1257 2162 om.
1279 2136 1311 2162 P.
1385 2137 1426 2162 10.
1445 2141 1524 2168 quas
1543 2135 1578 2166 P.
1601 2153 1678 2162 .....
1693 2133 1767 2161 SM.
1820 2131 1871 2160 his
1888 2133 1962 2160 SM.
2034 2133 2077 2159 12.
2095 2131 2139 2159 le-

511 2193 562 2227 gis
581 2193 662 2226 PM,
784 2192 813 2219 S.
869 2194 918 2219 est
937 2191 1119 2223 Buecheler,
1143 2197 1199 2216 om.
1224 2191 1253 2217 C.
1333 2190 1374 2215 13.
1394 2187 1563 2215 consula-tu
1584 2187 1722 2221 Mam-2¹9,
1745 2185 1892 2214 contione
1917 2187 1948 2214 C.
2001 2184 2077 2213 tulit
2093 2183 2139 2211 in-

510 2246 579 2274 vita
597 2246 737 2280 Madviq,
856 2246 886 2277 S,
1042 2245 1077 2277 P,
1322 2243 1364 2270 M.
1461 2244 1503 2269 14.
1524 2241 1570 2268 eis
1590 2241 1643 2275 qui
1664 2242 1703 2267 tr.
1723 2240 1766 2274 pl.
1787 2239 1966 2272 Manutius,
2023 2237 2075 2266 his

572 2301 637 2333 SP,
659 2298 710 2327 his
730 2300 774 2327 M.
882 2300 923 2325 15.
943 2304 1056 2332 capere
1076 2297 1194 2325 liceret
1213 2296 1392 2328 Manutius,
1549 2294 1645 2322 aliter
1664 2296 1696 2322 et
1719 2294 1749 2321 C.
1807 2291 1958 2320 dictatori
1976 2292 2007 2319 S.
2061 2292 2136 2319 ante

510 2353 603 2380 annis
623 2352 804 2384 Manutius,
941 2351 1020 2383 PM,
1045 2357 1101 2377 om.
1120 2351 1150 2378 S.
1241 2351 1282 2376 16.
1302 2347 1492 2382 prohibebat
1511 2347 1692 2380 Manutius,
1715 2344 1927 2380 prohibebant
1945 2345 2012 2378 SP,
2033 2342 2137 2379 perhi-

508 2405 628 2433 bebant
647 2405 792 2439 Poggius,
816 2406 859 2432 M.
932 2406 1028 2431 16-19.
1048 2402 1235 2437 abrogatam
1249 2417 1263 2421 -
1275 2401 1381 2435 legem
1401 2409 1458 2428 om.
1472 2402 1502 2428 S.
1576 2402 1617 2427 17.
1637 2398 1823 2443 significant
1842 2398 1921 2433 PM,
1993 2399 2036 2425 19.
2054 2396 2136 2425 eius-

510 2459 581 2486 dem
603 2458 784 2491 Manutius,
808 2457 877 2485 eius
897 2458 975 2484 PM.
1048 2458 1143 2483 20-21.
1163 2455 1352 2489 abrogatam
1373 2454 1554 2487 Manutius,
1577 2460 1633 2480 om.
1658 2453 1687 2480 C.

557 2567 577 2601 7
603 2566 678 2600 Hic
706 2568 764 2600 est
785 2565 899 2601 Cotta
1006 2573 1176 2609 magnus
1203 2573 1284 2598 ora·
1406 2562 1450 2596 13
1476 2561 1516 2596 in
1543 2559 1766 2595 consulatu:
1793 2569 1827 2594 a.
1854 2558 1910 2594 75.

508 2630 569 2662 tor
607 2630 702 2661 etc.:
741 2624 839 2660 Cic.
879 2623 1191 2667 Brut.3o,115;
1228 2622 1284 2666 49,
1404 2621 1451 2656 15
1476 2620 1580 2666 quod
1593 2619 1658 2654 lex
1672 2619 1862 2653 dictatore
1875 2615 2133 2662 L.Syllaetc.:

508 2686 596 2730 1823
635 2685 690 2730 55,
718 2684 868 2727 202—57,
898 2683 985 2727 2093
1022 2682 1077 2727 59,
1104 2682 1190 2727 2153
1227 2682 1284 2725 86,
1357 2679 1466 2716 Caes.
1492 2680 1524 2714 b.
1550 2689 1579 2714 c.
1614 2678 1632 2712 I
1659 2679 1691 2723 7,
1716 2678 1756 2723 33
1791 2676 1915 2712 Vell.
1953 2676 2056 2711 Pat.
2093 2674 2132 2710 II

507 2745 596 2789 2973
634 2744 691 2788 88,
716 2742 803 2787 301,
839 2742 895 2786 92,
921 2741 1080 2785 317-19,
1112 2740 1168 2785 97,
1195 2740 1283 2783 333,
1356 2740 1413 2784 30,
1434 2740 1474 2784 4,
1500 2738 1599 2774 Cic.
1617 2737 1662 2772 de
1680 2738 1746 2783 leq.
1766 2736 1824 2771 III
1842 2736 1875 2781 9,
1893 2735 2131 2781 223perioch.

506 2815 561 2839 or.
576 2804 633 2847 30,
651 2802 740 2847 106,
760 2802 818 2846 38,
837 2801 924 2845 1323
942 2800 986 2835 de
1006 2810 1062 2835 or.
1079 2799 1119 2834 II
1143 2799 1199 2844 23,
1217 2799 1282 2844 983
1356 2798 1453 2833 Liv.
1485 2796 1644 2841 XCVII3
1682 2795 1800 2831 Sall.
1826 2796 1927 2830 Hist.
1960 2793 2019 2829 III
2051 2793 2131 2839 fry.

507 2863 565 2898 ΙΙΙ
585 2863 619 2905 8,
640 2862 683 2897 31
707 2865 799 2905 etc.;
829 2859 955 2896 Vell.
978 2860 1086 2894 Pat.
1109 2858 1147 2893 II
1167 2858 1282 2902 36‚‘2.
1355 2858 1411 2902 48,
1438 2856 1533 2901 8Μ,
1558 2856 1678 2901 App.
1704 2855 1736 2891 b.
1762 2866 1791 2890 c.
1819 2854 1838 2890 I
1864 2854 1942 2890 100.

553 2923 596 2958 11
627 2920 732 2967 apud
757 2919 1002 2955 Sallustium:
1027 2919 1127 2953 Hist.
1146 2917 1184 2952 II
1202 2916 1281 2963 ἵης.

506 2982 551 3017 49
578 2981 627 3015 M.
