2300 3528
398 1376 443 1410 35
454 1375 489 1409 13

395 1453 440 1487 34
463 1453 494 1487 C

528 279 573 315 38
1213 280 1459 317 ASCONIVS

530 377 611 418 illa
643 376 870 419 Clodiana
896 377 1146 419 multitudo
1174 377 1478 431 oppugnavit,
1505 377 1586 419 sed
1613 377 1723 418 inde
1749 375 1930 430 sagittis
1961 373 2150 429 repulsa

529 457 608 495 est.
673 457 772 495 tum
806 455 956 496 fasces
988 466 1049 495 ex
1080 454 1187 495 luco
1219 453 1456 495 Libitinae
1488 457 1645 508 raptos
1677 452 1834 495 attulit
1865 451 1925 494 ad
1957 451 2148 493 domum

527 529 757 583 Scipionis
789 533 835 572 et
866 530 1087 584 Hypsaei,
1121 530 1292 572 deinde
1325 530 1384 571 ad
1428 530 1586 572 hortos
1617 528 1698 572 On.
1731 528 1954 583 Pompeii,
1987 527 2148 572 clami-

528 608 631 648 tans
663 618 771 648 eum
806 608 941 649 modo
975 607 1230 661 consulem,
1258 607 1395 649 modo
1428 608 1720 649 dictatorem.

616 683 891 725 Incendium
928 685 1089 726 curiae
1133 685 1361 726 maiorem
1399 685 1639 738 aliquanto
1681 683 2054 738 indignationem
2085 682 2148 724 ci-

527 761 687 803 vitatis
719 765 935 803 moverat
966 774 1108 815 quam
1142 761 1407 803 interfectio
1440 760 1603 803 Clodii.
1667 761 1826 815 itaque
1858 759 1981 813 Milo,
2007 768 2148 813 quem

527 837 683 892 opinio
717 838 872 880 fuerat
893 838 1036 880 ivisse
1062 838 1111 879 in
1131 838 1454 880 voluntarium
1478 838 1689 891 exilium,
1716 837 1899 879 invidia
1929 836 2148 878 adversa—

526 914 705 956 riorum
725 917 966 957 recreatus
999 918 1135 957 nocte
1163 927 1220 957 ea
1245 915 1454 957 redierat
1479 904 1687 968 Romam,
1715 926 1809 968 qua
1834 914 2027 955 incensa
2047 914 2151 955 erat

526 983 671 1032 curia.
736 992 1018 1046 petebatque
1038 992 1185 1033 nihilo
1212 992 1420 1034 deterius
1446 992 1760 1044 consulatum3
1785 992 1946 1044 aperte
1963 1000 2149 1044 quoque

526 1068 740 1109 tributim
768 1069 817 1110 in
843 1069 1051 1122 singulos
1073 1069 1206 1110 milia
1228 1069 1402 1121 assium
1421 1069 1629 1110 dederat.
1692 1068 1959 1110 contionem
1982 1066 2026 1108 ei
2047 1066 2151 1120 post

525 1145 705 1198 aliquot
737 1145 837 1187 dies
868 1145 998 1187 dedit
1023 1145 1081 1187 M.
1110 1144 1298 1187 Caelius
1319 1148 1374 1187 tr.
1399 1146 1475 1199 pL,
1499 1148 1639 1199 atque
1662 1145 1761 1199 ipse
1783 1144 1926 1186 etiam
1957 1152 2149 1185 causam

526 1222 623 1275 egit
654 1222 711 1263 ad
746 1223 984 1276 populum.
1048 1223 1268 1264 dicebant
1310 1224 1507 1276 uterque
1539 1222 1700 1264 Miloni
1734 1234 1761 1263 a
1802 1220 1964 1263 Clodio
2002 1219 2150 1262 factas

526 1310 625 1340 esse
657 1299 864 1341 insidias.

613 1375 814 1418 Fiebant
844 1377 1027 1418 interea
1059 1377 1139 1418 alii
1167 1389 1226 1419 ex
1253 1377 1357 1419 aliis
1383 1377 1657 1430 interreges,
1684 1376 1798 1430 quia
1820 1374 2012 1417 comitia
2041 1384 2148 1416 con-

525 1452 701 1494 sularia
745 1455 938 1507 propter
975 1453 1163 1495 eosdem
1205 1453 1565 1495 candidatorum
1608 1452 1837 1494 tumultus
1874 1453 1921 1492 et
1960 1449 2150 1492 easdem

526 1542 694 1571 manus
725 1533 932 1572 armatas
963 1531 1129 1572 haberi
1162 1543 1255 1572 non
1287 1533 1516 1585 poterant.
1595 1530 1755 1583 itaque
1786 1528 1940 1583 primo
1972 1527 2150 1569 factum

527 1608 629 1648 erat
659 1605 702 1647 S.
737 1605 784 1648 O.
821 1610 871 1647 ut
914 1607 1127 1648 interrex
1170 1609 1216 1648 et
1257 1607 1435 1648 tribuni
1469 1607 1530 1660 pl.
1570 1608 1617 1647 et
1657 1591 1738 1647 Cn.
1765 1604 2028 1659 Pompeius,
2068 1602 2149 1658 qui

525 1694 609 1737 pro
642 1695 732 1725 cos.
767 1684 826 1724 ad
860 1684 1026 1725 urbem
1075 1686 1190 1737 erat,
1239 1684 1460 1725 viderent
1490 1695 1550 1724 ne
1583 1682 1696 1736 quid
1719 1680 1991 1723 detrimenti
2013 1691 2089 1722 res
2105 1691 2148 1734 p.

527 1762 730 1814 caperet,
764 1760 964 1802 dilectus
1007 1763 1166 1802 autem
1199 1760 1450 1814 Pompeius
1481 1762 1578 1801 tota
1609 1758 1748 1800 Italia
1778 1758 1986 1800 haberet.
2068 1755 2149 1810 qui

526 1849 634 1879 cum
667 1849 852 1879 summa
893 1837 1137 1879 celeritate
1180 1837 1469 1891 praesidium
1513 1836 1843 1889 comparasset,
1885 1832 2149 1888 postulave-

525 1917 636 1955 runt
667 1914 791 1968 apud
825 1926 934 1955 eum
967 1914 1197 1955 familiam
1246 1913 1444 1966 Milonis,
1479 1913 1591 1954 item
1624 1911 1826 1953 Faustae
1858 1909 2020 1952 uxoris
2050 1909 2151 1952 eius

525 1991 843 2033 exhibendam
866 1991 958 2032 duo
981 1990 1337 2043 adulescentuli,
1361 1990 1441 2043 qui
1463 1989 1604 2043 Appii
1627 1987 1811 2030 Claudii
1834 1987 1972 2029 ambo
1993 1986 2150 2041 appel-

612 2141 636 2165 1.
655 2137 711 2164 scd
732 2137 805 2164 inde
826 2138 927 2170 Halm,
952 2136 1065 2164 deinde
1091 2138 1120 2163 (¹.
1214 2139 1237 2163 2.
1258 2136 1330 2163 luco
1357 2137 1516 2169 Wayenem
1540 2135 1624 2162 lecto
1645 2135 1673 2161 S.
1728 2132 1891 2160 Libitinae
1911 2134 2018 2167 raptos
2037 2132 2152 2159 Manu—

524 2192 598 2224 tius,
622 2190 838 2217 libitineratos
859 2191 981 2224 SMPl,
1004 2189 1131 2216 libitine
1151 2191 1238 2216 ratos
1257 2189 1303 2215 ΡΞ.
1411 2190 1436 2214 3.
1457 2187 1496 2214 ad
1516 2186 1626 2214 hortos
1641 2195 1674 2222 p,
1703 2185 1830 2213 adortos
1850 2186 1924 2218 SM,
1953 2184 1993 2212 ad
2012 2186 2098 2212 ortos
2117 2185 2151 2211 P.

523 2248 547 2272 6.
568 2244 731 2271 interfecti
753 2245 826 2271 SM.
920 2246 944 2270 8.
965 2244 1123 2270 retractus
1143 2243 1185 2269 8¹.
1250 2241 1371 2282 domurn
1392 2248 1514 2268 romam
1535 2242 1565 2273 S,
1595 2246 1711 2280 romam
1730 2246 1851 2266 romam
1872 2239 1915 2265 M.
2005 2240 2030 2265 9.
2048 2236 2151 2265 nihilo

524 2298 602 2331 Am„
627 2297 704 2324 milo
730 2299 759 2324 (J.
851 2300 892 2324 10.
913 2304 1040 2324 assuum
1062 2297 1140 2324 SP‘2.
1205 2295 1235 2323 ei
1255 2295 1434 2327 Manutius,
1459 2296 1491 2322 et
1515 2294 1543 2322 C.
1635 2296 1676 2320 11.
1696 2294 1791 2326 atque
1812 2291 1949 2326 Μαάυίρ,
1972 2290 2042 2319 acci
2061 2291 2091 2324 S,
2113 2298 2152 2319 ac

524 2351 552 2379 ci
573 2352 608 2384 P,
632 2350 681 2378 aci
702 2352 744 2377 M.
818 2353 859 2377 12.
880 2350 948 2384 egit
967 2349 1104 2383 Μαώυἱῃ,
1126 2348 1224 2376 etiam
1244 2349 1310 2382 SP,
1336 2349 1368 2376 et
1387 2349 1429 2374 M.
1504 2349 1545 2374 14.
1566 2354 1605 2374 ex
1620 2345 1677 2373 alii
1691 2346 1721 2373 S.
1775 2345 1851 2379 quia
1864 2344 2032 2378 Beraldus,
2049 2343 2103 2378 qul
2121 2344 2151 2372 C.

525 2405 566 2430 15.
587 2403 712 2430 eosdem
736 2402 874 2435 Richter,
898 2409 1006 2428 eorum
1032 2402 1061 2429 C.
1142 2402 1236 2428 15-16.
1257 2400 1411 2428 easdem-
1424 2400 1565 2427 armatas
1582 2407 1614 2433 p,
1638 2397 1911 2426 eadem-armata
1935 2397 1964 2424 C.
2036 2398 2078 2424 16.
2097 2389 2151 2424 ha-

526 2457 599 2484 bere
620 2456 765 2490 Pogme'us.
839 2458 880 2483 18.
900 2461 1021 2488 procos.
1035 2455 1068 2481 P.
1124 2456 1216 2481 erant
1230 2455 1303 2481 SM.
1378 2455 1419 2480 19.
1440 2452 1584 2479 delectus
1598 2451 1678 2485 S(ut
1697 2450 1770 2484 vid.)

571 2587 653 2621 6-7.
681 2595 797 2630 quem
816 2586 945 2630 opinio
968 2585 1095 2618 fuerat
1120 2584 1237 2617 ivisse
1263 2583 1302 2616 in
1424 2582 1467 2616 16
1499 2582 1632 2626 itaque
1669 2580 1792 2624 primo
1824 2583 1916 2615 etc.:
1954 2579 2044 2614 Dio
2081 2578 2150 2614 XL

524 2642 989 2690 voluntariumjexilium:
1016 2643 1081 2676 cfr.
1109 2641 1205 2676 Cic.
1226 2651 1303 2686 pro
1375 2641 1431 2684 49,
1458 2641 1499 2685 ὃς
1526 2641 1581 2685 50,
1609 2639 1641 2674 1.
2017 2659 2020 2667 ι

525 2704 610 2738 Mil.
638 2703 694 2747 23,
721 2703 849 2737 62-63.
1421 2698 1467 2733 22
1493 2699 1570 2732 duo
1592 2696 1896 2732 adulescentuli:
1921 2697 2020 2742 App.
2039 2696 2150 2733 Clau-

572 2763 594 2796 8
619 2762 788 2797 redierat
813 2762 977 2796 Romam
1004 2764 1096 2795 ete:
1123 2760 1243 2803 App.
1269 2759 1301 2794 b.
1376 2758 1462 2792 dius
1475 2757 1644 2792 Pulcher
1657 2757 1790 2801 maior,
1803 2766 1907 2791 cons.
1922 2766 1955 2790 a.
1967 2756 2013 2790 38
2032 2755 2149 2800 (Dio,

524 2834 552 2856 c.
580 2822 617 2856 II
644 2821 710 2865 ‘223
736 2821 825 2854 Dio
853 2820 922 2854 XL
948 2820 1004 2863 49,
1032 2820 1062 2853 ἵ).
1214 2841 1218 2844 -
1375 2816 1539 2852 XLVIII
1564 2816 1627 2861 433
1654 2816 1820 2853 Zonar.
1847 2815 1883 2850 X
1909 2815 1968 2857 23)
1991 2818 2030 2850 et
2049 2814 2148 2860 App.

572 2882 616 2916 10
642 2881 863 2915 contionem
882 2880 918 2913 ci
936 2882 1029 2913 etc.:
1054 2877 1172 2922 App.
1192 2877 1302 2921 11223
1375 2876 1560 2911 Claudius
1591 2875 1760 2909 Pulcher
1793 2875 1917 2909 minor
1951 2873 2064 2924 (Cic.
2098 2873 2151 2909 ad

524 2939 622 2975 Cic.
650 2940 765 2973 Brut.
805 2939 860 2982 79,
895 2938 982 2982 2733
1014 2947 1089 2981 pro
1128 2936 1212 2970 Mil.
1245 2936 1302 2980 33,
1374 2934 1473 2979 fam.
1498 2933 1591 2969 VIII
1615 2934 1648 2978 8,
1667 2934 1762 2978 2v3).
2097 2924 2099 2926 ’

525 3000 587 3044 913
612 2999 702 3034 Dio
729 2998 799 3033 XL
827 2997 881 3042 50,
909 2997 940 3031 1.

2187 1072 2232 1108 10

2187 1456 2233 1492 15
