2300 3528
499 258 544 292 96
1189 254 1437 292 ASCONIVS

500 350 558 404 Q.
592 351 780 404 Mucii,
816 354 870 392 ut
910 354 1243 405 perseveret
1284 351 1467 405 legem
1510 352 1805 406 impedire,
1845 354 1902 394 ut
1940 351 2128 408 coepit

498 430 724 470 senatus
765 428 1103 480 consultum3
1143 428 1238 470 sed
1278 440 1377 482 ego
1409 440 1473 470 ea
1510 428 1634 482 lege
1665 431 1960 471 contentus
1989 430 2130 484 sum,

498 516 604 558 qua
635 504 771 545 duos
802 504 1061 546 consules
1093 504 1419 558 designatos
1452 517 1556 546 uno
1593 507 1842 560 tempore
1874 505 2133 549 damnari

499 579 760 623 vidimus.
2044 578 2051 581 Q

365 665 461 699 891³
585 657 763 711 Legem
811 655 1119 712 Calpurniam
1164 657 1415 712 significat,
1448 670 1591 712 quam
1624 658 1672 701 C.
1705 657 1993 714 Calpurnius
2021 657 2128 701 Piso
2165 663 2191 704 5

498 736 607 775 ante
640 734 899 776 triennium
932 735 991 776 de
1022 734 1205 776 ambitu
1237 735 1424 777 tulerat.
1503 736 1626 789 quod
1660 735 1776 777 dicit
1806 737 1966 777 autem
1997 735 2126 778 dam-

499 812 632 851 natos
663 821 764 852 esse
805 810 1074 864 designatos
1115 811 1344 863 consules,
1377 810 1425 852 P.
1458 809 1638 864 Syllam
1671 814 1719 853 et
1748 811 1796 853 P.
1829 811 2127 865 Autronium,

498 887 556 929 de
588 887 760 941 quibus
806 887 901 928 iam
949 887 1169 940 diximus,
1203 887 1309 929 vult
1354 887 1580 941 intellegi.
1659 899 1922 942 cognomen
1968 889 2131 930 autem

498 961 552 1015 Q.
584 963 739 1005 Mucio
772 966 827 1004 tr.
856 975 999 1017 quem
1031 963 1245 1005 nominat
1277 963 1366 1005 fuit
1397 962 1654 1006 Orestinus.

586 1039 765 1094 Atque
800 1043 856 1081 ut
887 1040 1051 1081 istum
1085 1040 1411 1082 omittamin
1433 1041 1691 1083 exercitu
1713 1039 1944 1094 Syllano
1974 1043 2127 1095 prae-
2165 1051 2211 1087 10

373 1131 463 1164 (ms
498 1118 712 1170 donem,
746 1117 800 1158 in
833 1117 1072 1158 introitu
1104 1117 1498 1171 gladiatorem,
1532 1118 1587 1159 in
1619 1117 1864 1160 victoria
1900 1117 2126 1171 quadri-

497 1194 736 1247 garium.

584 1270 656 1312 De
687 1270 891 1312 Antonio
914 1270 1008 1312 dici
1033 1270 1335 1312 manifestum
1359 1273 1440 1312 est.
1505 1272 1552 1312 et
1580 1270 1697 1312 dicit
1727 1282 1836 1312 eum
1868 1270 1928 1312 in
1959 1281 2126 1312 exer-

497 1348 621 1389 citu
656 1347 859 1401 Syllae
892 1347 1250 1400 praedonem
1284 1349 1479 1401 propter
1503 1347 1716 1400 equitum
1740 1349 1933 1400 turmas,
1956 1346 2127 1401 quibus

496 1425 726 1466 Achaiam
759 1425 818 1466 ab
852 1436 906 1466 eo
939 1426 1163 1466 vexatam
1197 1436 1297 1466 esse
1330 1424 1730 1478 significavimus;
1776 1424 1835 1465 in
1867 1423 2127 1466 introitu
2164 1435 2210 1472 15

496 1501 635 1555 glad
650 1501 664 1542 i
678 1504 772 1542 ato
787 1513 906 1543 rem
939 1501 1146 1555 pertinet
1167 1486 1226 1542 ad
1249 1501 1481 1543 invidiam
1504 1500 1860 1555 proscriptionis
1881 1512 2004 1555 quae
2020 1502 2133 1543 tum:

497 1581 622 1621 facta
654 1582 745 1631 est3
779 1580 837 1620 in
871 1578 1142 1620 victoria
1173 1578 1655 1632 quadrigarium,
1688 1577 1827 1632 quod,
1854 1589 1964 1620 cum
1994 1576 2127 1631 Sylla

496 1658 598 1710 post
630 1656 881 1698 victoriam
914 1655 1151 1697 circenses
1182 1655 1362 1696 faceret
1393 1654 1459 1696 ita
1486 1657 1537 1695 ut
1567 1654 1748 1696 honesti
1772 1653 1988 1696 homines
2011 1664 2124 1708 qua·

496 1734 656 1787 drigas
688 1733 937 1786 agitarent,
971 1732 1060 1773 fuit
1090 1731 1216 1773 inter
1247 1743 1325 1772 eos
1357 1730 1405 1773 C.
1438 1731 1681 1772 Antonius.

368 1815 464 1850 890
585 1810 656 1851 Te
689 1822 843 1862 vero,
877 1808 1141 1862 Catilina,
1181 1808 1530 1850 consulatum
1573 1819 1802 1862 sperare
1843 1809 1938 1849 aut
1976 1807 2123 1861 cogi·
2160 1819 2208 1856 20

497 1892 616 1929 tare
650 1899 754 1928 non
787 1885 1103 1940 prodigium
1137 1888 1303 1939 atque
1336 1887 1651 1939 portentum
1685 1884 1803 1926 est?
1863 1897 1893 1926 a
1921 1884 2125 1939 quibus

496 1965 641 2006 enim
676 1963 857 2018 petis?
919 1975 947 2004 a
978 1962 1335 2016 principibus
1367 1962 1658 2004 civitatis?
1720 1961 1812 2015 qui
1845 1961 1968 2015 tibi,
2001 1973 2123 2004 cum

495 2042 550 2083 L.
579 2040 845 2082 Volcacio
872 2052 980 2081 cos.
1015 2040 1069 2080 in
1097 2039 1335 2081 consilio
1368 2039 1627 2093 fuissent,
1654 2045 1720 2080 ne
1746 2038 1974 2093 petendi
2004 2038 2122 2092 qui-

496 2119 615 2160 dem
648 2120 979 2172 potestatem
1014 2128 1129 2158 esse
1163 2116 1488 2158 voluerunt!

582 2195 728 2236 Paulo
761 2197 870 2236 ante
902 2194 1110 2235 diximus
1142 2192 1408 2246 Catilinam,
1442 2205 1551 2234 cum
1583 2193 1641 2234 de
1674 2192 1923 2246 provincia
1961 2191 2125 2235 Africa
2160 2203 2207 2240 25

495 2273 750 2314 decederet
788 2272 1022 2326 petiturus
1062 2270 1358 2312 consulatum
1391 2272 1439 2311 et
1469 2269 1613 2324 legati
1647 2269 1750 2312 Afri
1792 2269 1946 2323 questi
1977 2269 2036 2311 de
2068 2281 2123 2311 eo

495 2350 543 2391 in
567 2353 732 2391 senatu
764 2349 978 2403 graviter
1010 2349 1174 2402 essent,
1197 2347 1542 2402 supervenisse.
1605 2347 1839 2401 professus
1860 2346 2032 2388 deinde
2053 2348 2124 2389 est

584 2476 608 2499 1.
629 2473 665 2505 Q.
686 2472 771 2500 Muci
791 2474 825 2499 ut
845 2474 1029 2506 perseveret
1050 2471 1186 2505 Madviy,
1220 2470 1256 2502 Q.
1275 2470 1409 2497 mutium
1430 2469 1606 2504 perreverti
1631 2471 1661 2497 C.
1717 2468 1802 2503 cepit
1825 2469 1854 2496 C.
1949 2471 1974 2496 2.
1991 2470 2122 2497 senatus

495 2526 674 2553 consultum
696 2525 833 2559 Medi-2¹9,
857 2527 964 2552 senter
984 2523 1037 2552 οδε
1058 2525 1131 2557 SM,
1155 2526 1263 2551 senter
1283 2532 1336 2552 cos
1356 2526 1390 2552 P.
1462 2526 1487 2550 6.
1507 2522 1579 2550 aut‘e
1599 2522 1677 2550 dicit
1695 2523 1729 2549 P.
1802 2524 1826 2550 7.
1846 2521 2037 2550 Autronium
2055 2523 2122 2550 Ma-

496 2581 617 2612 nutius,
642 2578 824 2606 antronium
845 2579 910 2611 SP,
934 2578 1099 2606 antonium
1121 2579 1161 2604 M.
1271 2580 1313 2604 10.
1335 2580 1368 2604 ut
1387 2585 1444 2604 om.
1463 2578 1492 2604 S.
1600 2578 1642 2603 13.
1662 2575 1741 2603 dicit
1759 2576 1834 2603 SM.
1892 2577 1924 2603 et
1943 2575 2121 2610 messling-

496 2633 623 2666 Schoell,
648 2632 702 2660 sed
727 2634 757 2659 C.
861 2634 902 2659 15.
923 2630 1071 2658 achaiam
1092 2630 1237 2665 Poyyius,
1262 2630 1399 2657 camiam
1420 2631 1450 2662 S,
1474 2628 1612 2657 eamiam
1634 2630 1670 2661 P,
1692 2627 1809 2656 achaia
1827 2629 1870 2655 M.
1926 2627 2122 2663 significavi-

1919 2671 1955 2691 us

495 2711 563 2730 mus
581 2712 613 2738 p,
636 2702 858 2737 significamus
883 2703 911 2729 C.
996 2704 1040 2729 18.
1058 2700 1111 2735 po't
1132 2702 1160 2728 S.
1245 2703 1287 2727 21.
1307 2707 1326 2727 a
1346 2700 1524 2732 Manutius,
1549 2706 1588 2727 ex
1613 2700 1642 2727 C.
1725 2700 1766 2726 23.
1785 2697 1939 2739 Volcacio
1957 2699 1991 2726 P.
2046 2698 2120 2726 fuin-

495 2758 566 2784 sent
585 2756 723 2789 Madvigy,
747 2755 861 2782 fuisset
886 2756 915 2782 C.
989 2757 1030 2781 27.
1051 2755 1158 2781 essent
1176 2754 1277 2786 Clark,
1295 2760 1351 2780 om.
1370 2754 1399 2781 C.
1455 2751 1678 2786 supervenisse
1697 2752 1799 2784 Clark,
1822 2751 2023 2785 pervenisset
2042 2752 2117 2785 SM,

494 2798 717 2843 pervenissent
736 2809 769 2834 P.

543 2917 565 2952 ὃ
589 2916 739 2961 Legem
779 2914 1027 2959 Calpurniam
1065 2913 1273 2959 signifieat,
1396 2913 1440 2947 19
1472 2913 1544 2947 fuit
1582 2912 1683 2946 inter
1721 2921 1788 2947 eos
1825 2910 1864 2948 C.
1903 2911 2120 2948 Antonius:

497 2986 614 3021 quam
642 2978 737 3009 etc.:
764 2985 798 3009 a.
824 2974 881 3010 67.
1349 2982 1381 3008 a.
1409 2973 1466 3010 83.
