2300 3528
506 238 550 272 46
1194 238 1441 274 ASCONIVS

504 333 562 374 M.
596 333 824 374 Antonius
856 335 902 374 et
942 332 987 373 P.
1022 332 1240 374 Valerius
1270 332 1435 387 Nepos.
1516 334 1584 376 usi
1617 338 1725 376 sunt
1766 347 1826 376 ex
1858 335 1963 389 lege
1995 334 2124 377 horis

505 410 700 451 duabus

593 487 847 541 Respondit
877 487 949 528 his
971 499 1090 528 unus
1106 487 1163 529 M.
1186 486 1374 529 Cicero:
1408 490 1455 529 et
1485 500 1593 530 cum
1619 489 1900 543 quibusdam
1925 489 2124 544 placuis-

505 566 574 605 set
614 564 680 605 ita
722 564 910 605 defendi
959 564 1154 618 crimen,
1198 565 1400 606 interfici
1438 564 1652 607 Clodium
1694 578 1778 620 pro
1816 578 1867 608 re
1907 579 1950 620 p.
1983 565 2124 609 fuisse

505 666 562 670 —
594 653 735 694 quam
770 640 968 682 formam
1001 641 1059 682 M.
1093 641 1265 683 Brutus
1290 644 1478 683 secutus
1500 645 1569 683 est
1591 642 1639 684 in
1662 655 1719 684 ea
1740 643 1950 684 oratione
1981 654 2124 697 quam

505 730 588 772 pro
621 717 792 759 Milone
825 718 1085 771 composuit
1116 721 1162 759 et
1193 718 1353 772 edidit,
1387 719 1519 772 quasi
1546 719 1717 772 egisset
1741 745 1799 749 —
1830 719 2046 762 Ciceroni
2077 719 2125 762 id

505 807 599 835 non
631 794 810 848 placuit
841 795 907 847 ut,
936 795 1147 848 quisquis
1169 795 1290 836 bono
1317 807 1359 849 p.
1387 795 1618 849 damnari,
1645 796 1771 837 idem
1798 796 1941 838 etiam
1973 795 2124 838 occidi

506 871 807 912 indemnatus
848 874 1013 925 posset.
1107 871 1266 925 itaque
1308 884 1417 913 cum
1472 872 1666 914 insidias
1706 872 1928 914 Milonem
1965 871 2126 915 Clodio

507 949 672 990 fecisse
705 948 967 1002 posuissent
1007 951 1317 1002 accusatores,
1342 949 1454 1002 quia
1494 949 1662 991 falsum
1706 949 1754 991 id
1795 952 1899 991 erat
1926 974 1984 980 ——
2015 962 2126 992 nam
2181 956 2184 958 ’

507 1026 624 1067 forte
667 1025 750 1066 illa
792 1025 898 1067 rixa
941 1026 1190 1067 commissa
1231 1026 1386 1068 fuerat
1426 1052 1483 1056 —-
1525 1026 1689 1068 Cicero
1729 1027 2041 1081 apprehendit
2081 1029 2129 1069 et

505 1105 671 1144 contra
702 1101 917 1144 Clodium
949 1103 1111 1144 Miloni
1138 1103 1303 1145 fecisse
1330 1103 1524 1145 insidias
1548 1103 1819 1158 disputavit,
1852 1115 2000 1158 eoque
2031 1105 2129 1146 tota

506 1180 654 1222 oratio
687 1180 788 1222 eius
844 1180 1088 1234 spectavit.
1181 1181 1262 1222 sed
1310 1181 1377 1222 ita
1422 1181 1630 1223 constitit
1673 1183 1723 1222 ut
1768 1181 1988 1235 diximus,
2039 1192 2128 1223 nec

507 1258 658 1299 utrius
689 1258 882 1299 consilio
916 1261 1176 1312 pugnatum
1209 1270 1309 1300 esse
1342 1270 1396 1300 eo
1419 1258 1508 1311 die,
1536 1270 1706 1301 verum
1738 1261 1784 1300 et
1815 1258 1934 1300 forte
1965 1269 2127 1300 occur-

507 1335 621 1376 risse
653 1337 700 1376 et
732 1347 792 1376 ex
824 1335 931 1376 rixa
961 1347 1208 1377 servorum
1247 1336 1306 1377 ad
1325 1348 1443 1377 eam
1470 1335 1674 1389 denique
1701 1335 1896 1378 caedem
1927 1347 2126 1390 perven-

506 1414 619 1453 tum.
683 1414 845 1453 notum
878 1415 1037 1454 tamen
1070 1414 1172 1454 erat
1198 1415 1450 1466 utrumque
1477 1415 1677 1454 mortem
1703 1412 1840 1454 alteri
1872 1423 2012 1466 saepe
2043 1411 2126 1454 mi-

506 1492 669 1531 natum
703 1501 816 1543 esse,
841 1492 887 1530 et
918 1490 1040 1531 sicut
1070 1492 1339 1543 suspectum
1371 1489 1593 1531 Milonem
1621 1490 1772 1532 maior
1802 1501 1944 1544 quam
1977 1487 2128 1531 Clodii

507 1567 688 1608 familia
720 1566 936 1619 faciebat,
975 1566 1041 1607 ita
1072 1566 1338 1620 expeditior
1369 1569 1415 1608 et
1455 1566 1665 1620 paratior
1695 1567 1755 1608 ad
1786 1578 1995 1620 pugnam
2027 1563 2128 1608 Clo-

505 1644 754 1686 dianorum
777 1656 920 1697 quam
942 1644 1128 1685 Milonis
1149 1644 1315 1685 fuerat.
1369 1642 1547 1697 Cicero,
1571 1656 1678 1685 cum
1702 1644 1935 1698 inciperet
1955 1643 2128 1696 dicere,

506 1724 732 1775 exceptus
763 1722 831 1763 est
862 1721 1203 1763 acclamatione
1236 1719 1584 1774 Clodianorum,
1617 1721 1697 1775 qui
1725 1733 1774 1763 se
1800 1720 2043 1763 continere
2068 1732 2128 1774 ne

456 1800 472 1816 *¹
506 1800 633 1839 metu
657 1798 848 1851 quidem
871 1797 1280 1839 circumstantium
1303 1797 1507 1838 militum
1530 1799 1808 1851 potuerunt:
1854 1797 2013 1851 itaque
2035 1808 2128 1839 non

505 1887 561 1916 ea
587 1887 680 1928 qua
711 1874 873 1916 solitus
906 1876 1008 1915 erat
1039 1874 1302 1915 constantia
1334 1874 1467 1915 dixit.
1532 1876 1692 1915 manet
1717 1875 1876 1915 autem
1902 1873 1986 1915 illa
2017 1884 2127 1927 quo-

505 1963 596 2004 que
629 1953 829 2004 excepta
861 1950 962 1991 eius
994 1949 1164 1991 oratio:
1211 1950 1399 2003 scripsit
1430 1962 1544 1991 vero
1586 1949 1710 1991 hanc
1751 1961 1893 2003 quam
1926 1949 2128 2003 legimus

505 2028 571 2069 ita
602 2028 810 2082 perfecte
843 2030 894 2068 ut
925 2027 1028 2068 iure
1060 2027 1214 2080 prima
1245 2027 1411 2068 haberi
1444 2027 1598 2081 possit.

593 2146 618 2171 3.
638 2143 688 2171 his
708 2144 786 2176 fild..
811 2143 862 2170 hic
888 2145 917 2170 0.
1024 2146 1048 2170 6.
1069 2143 1159 2176 quasi
1181 2143 1301 2173 Baiter,
1325 2143 1471 2176 quamvis
1492 2145 1513 2170 S
1524 2144 1565 2175 M,
1593 2142 1727 2176 quanvis
1747 2143 1780 2169 P.
1887 2144 1912 2169 7.
1931 2144 1966 2170 ut
1985 2141 2129 2176 quisquis

510 2198 611 2230 Clark,
635 2196 778 2230 quisquis
798 2197 863 2229 SP,
887 2196 969 2230 quod
990 2196 1061 2229 quis
1080 2197 1155 2229 Pmy
1166 2197 1207 2223 M.
1297 2198 1357 2222 7-8.
1377 2195 1480 2223 occidi
1502 2195 1704 2223 indemnatus
1723 2195 1858 2229 Poyyius
1873 2196 1916 2228 M,
1945 2194 2064 2222 occidit
2081 2194 2128 2222 iu·

505 2250 659 2277 demnans
679 2251 742 2277 SP.
816 2253 857 2276 11.
878 2257 978 2282 eaque
1000 2250 1041 2276 M.
1114 2251 1156 2275 12.
1177 2248 1321 2276 constitit
1335 2249 1412 2281 Ald„
1436 2248 1602 2275 constituit
1620 2250 1650 2276 C.
1724 2250 1765 2275 13.
1785 2250 1817 2275 et
1836 2247 1918 2275 forte
1932 2248 2126 2281 Lachmann,

506 2304 534 2331 ci
554 2303 636 2331 forte
661 2304 690 2331 C.
800 2306 841 2330 14.
861 2306 892 2330 et
913 2310 951 2330 cx
972 2303 1165 2334 Lachmann,
1198 2310 1237 2329 ex
1257 2309 1295 2329 ea
1319 2303 1348 2329 C.
1413 2302 1452 2328 ad
1477 2309 1546 2329 eam
1574 2301 1709 2335 denique
1744 2302 1846 2334 Clark,
1879 2301 1919 2328 ad
1939 2301 2074 2329 eandem
2098 2302 2130 2329 C.

506 2357 615 2385 cedem
641 2359 670 2384 (¹.
744 2359 838 2384 15-16.
857 2356 1014 2383 minutum
1035 2358 1064 2387 S.
1088 2357 1120 2383 in
1141 2355 1227 2383 mutu
1250 2357 1290 2383 M.
1364 2358 1405 2383 19.
1426 2358 1474 2383 est
1488 2356 1566 2386 Ala..
1584 2363 1640 2383 om.
1659 2356 1688 2383 C.
1743 2363 1763 2382 a
1782 2354 1976 2383 clamatione
1996 2356 2070 2382 SM.

553 2471 572 2505 1
589 2470 859 2505 M.Antonius:
875 2469 1283 2503 M.Ant011iusTrium-
1355 2468 1407 2503 ad
1426 2468 1503 2503 Att.
1530 2468 1582 2503 IV
1608 2469 1640 2513 3,
1659 2469 1698 2513 ὃς
1719 2479 1794 2512 pro
1814 2468 1900 2503 Mil.
1926 2469 1959 2514 9,
1985 2467 2047 2514 253
2073 2468 2129 2513 16,

505 2529 796 2575 vir;efr.C1ark
812 2529 1282 2573 ed.pr0Mz'l.p.106,n.19.
1356 2527 1418 2571 443
1445 2528 1500 2571 19,
1527 2527 1587 2571 523
1613 2526 1668 2571 21,
1696 2527 1751 2561 56.

553 2590 574 2625 5
600 2599 717 2634 quam
752 2589 916 2623 formam
956 2588 1005 2622 M.
1046 2587 1188 2622 Brutus
1226 2597 1283 2622 se·
1403 2586 1448 2620 18
1474 2585 1608 2621 Cicero
1646 2595 1735 2620 oum
1772 2585 1962 2630 inciperet
1999 2585 2130 2620 dicere

507 2651 621 2683 cutus
656 2652 714 2682 est
750 2651 839 2682 ete:
879 2647 1037 2688 Quint.
1076 2646 1135 2680 ΠΙ
1161 2647 1193 2690 6,
1220 2646 1284 2690 93;
1357 2648 1450 2680 etc.:
1485 2645 1570 2680 Sch.
1600 2644 1690 2678 Bob.
1728 2644 1813 2678 Mil.
1851 2655 1958 2690 ar9.;
1994 2643 2128 2679 Plut.

507 2708 541 2741 X
560 2708 592 2751 1,
609 2707 672 2751 ‘233
689 2707 804 2741 schol.
826 2707 915 2741 Bob.
934 2717 1016 2751 ary.
1037 2706 1143 2749 Mic.;
1168 2706 1283 2739 schol.
1360 2704 1431 2739 C'e'c.
1458 2705 1524 2749 353
1549 2704 1640 2738 Dio
1667 2703 1736 2737 XL
1764 2703 1819 2747 54,
1845 2703 1878 2737 ⁴2.

511 2767 630 2801 Gran.
652 2777 734 2810 ary.
762 2766 846 2799 Mil.
1403 2763 1449 2798 23
1473 2764 1557 2797 iurc
1582 2763 1725 2807 prima:
1754 2762 1917 2803 Quint.
1944 2761 1995 2796 IV
2014 2762 2046 2806 2,
2065 2761 2129 2806 253

555 2826 599 2859 15
632 2827 763 2859 notum
791 2828 922 2858 tamen
950 2827 1031 2857 orat
1058 2826 1151 2857 etc.:
1185 2822 1283 2860 Cic.
1357 2822 1411 2856 IX
1439 2823 1471 2866 3,
1498 2822 1553 2857 47.

2164 1038 2210 1074 10

2166 1423 2211 1459 15
