2300 3528
381 800 472 835 368

506 238 552 272 44
1191 236 1438 273 ASCONIVS

506 333 610 386 tius,
644 334 763 387 prid.
797 332 911 374 Non.
934 333 1082 387 April.
1107 345 1241 374 reum
1275 334 1435 375 adesse
1468 334 1716 376 iusserunt.
1779 347 1870 388 quo
1908 334 1985 376 die
2016 334 2128 379 Milo

505 410 565 451 ad
586 409 762 451 Domiti
791 410 999 451 tribunal
1021 410 1166 462 venit,
1190 410 1494 464 adTorquati
1517 411 1692 453 amicos
1714 411 1858 464 misit;
1874 411 1951 452 vibi
1973 413 2129 466 postu—

506 487 633 528 lante
666 499 749 540 pro
783 499 836 527 eo
858 486 915 527 M.
940 487 1163 528 Marcello
1186 487 1388 528 obtinuit
1409 499 1468 528 ne
1491 487 1621 541 prius
1642 500 1833 530 causam
1867 488 1924 530 de
1947 487 2129 531 ambitu

506 563 687 605 diceret
718 564 950 617 quamde
983 564 1032 605 vi
1059 564 1287 605 iudicium
1323 567 1444 605 esset
1474 565 1750 618 perfectum.
1814 565 1939 620 apud
1969 565 2128 608 Domi-

506 639 623 680 tium
656 642 815 681 autem
848 641 1162 693 quaesitorem
1207 641 1357 682 maior
1396 641 1576 695 Appius
1612 642 1868 695 postulavit
1897 654 1927 684 a
1955 642 2129 685 Milone

505 728 666 758 servos
699 717 914 758 exhiberi
953 729 1151 758 numero
1183 717 1277 759 IIII
1309 720 1356 759 et
1386 718 1437 771 L,
1471 721 1518 759 et
1549 731 1656 760 cum
1699 719 1780 761 ille
1822 722 2020 773 negaret
2051 731 2131 762 eos

505 793 585 846 qui
608 794 976 835 nominabantur
998 794 1046 835 in
1073 806 1157 835 sua
1179 797 1405 848 potestate
1427 807 1540 848 esse,
1558 795 1791 837 Domitius
1813 808 1874 837 ex
1898 795 2132 839 sententia

505 870 716 912 iudicum
749 871 1075 924 pronuntiavit
1109 874 1158 912 ut
1179 883 1239 912 ex
1260 883 1507 913 servorum
1540 884 1731 914 suorum
1763 885 1961 914 numero
1992 884 2128 916 accu-

505 949 631 988 sator
662 950 774 1001 quot
805 949 952 990 vellet
983 948 1157 990 ederet.
1232 949 1363 990 citati
1401 949 1571 991 deinde
1603 951 1743 992 testes
1774 950 2034 994 secundum
2065 950 2129 992 le-

505 1035 612 1077 gem
646 1036 781 1077 quae,
816 1027 866 1065 ut
897 1036 1040 1078 supra
1071 1025 1292 1078 diximus,
1335 1025 1529 1067 iubebat
1561 1028 1611 1067 ut
1651 1026 1782 1080 prius
1813 1038 1955 1080 quam
1987 1038 2131 1069 causa

506 1102 729 1153 ageretur
759 1103 899 1142 testes
931 1113 1017 1155 per
1048 1102 1258 1143 triduum
1286 1102 1578 1156 audirentur,
1605 1103 1732 1144 dicta
1754 1115 1918 1145 eorum
1950 1103 2132 1146 iudices

506 1177 851 1231 consignarent,
885 1181 1054 1231 quarta
1086 1179 1162 1220 die
1196 1179 1357 1220 adesse
1395 1191 1556 1221 omnes
1589 1177 1666 1235 {[in
1703 1180 1829 1222 diem
1862 1177 2130 1236 posterumss

505 1253 785 1296 iuberentur
826 1267 881 1296 ac
913 1267 1072 1296 coram
1107 1258 1380 1297 accusatore
1413 1268 1469 1297 ac
1496 1268 1575 1297 reo
1607 1257 1746 1311 pilae,
1774 1257 1823 1298 in
1849 1257 2021 1311 quibus
2050 1268 2130 1299 no·

507 1330 636 1372 mina
662 1331 873 1372 iudicum
896 1332 1124 1385 inscripta
1156 1334 1323 1384 essent,
1358 1335 1699 1386 aequarentur;
1732 1333 1842 1375 dein
1869 1345 2032 1376 rursus
2045 1345 2130 1388 por

506 1409 632 1448 stera
664 1408 740 1449 die
772 1408 952 1449 sortitio
985 1408 1196 1450 iudicum
1230 1409 1364 1450 fieret
1391 1409 1530 1450 unius
1555 1412 1603 1450 et
1626 1409 1824 1451 LXXX:
1853 1410 1934 1464 qui
1967 1421 2129 1452 nume-

507 1496 587 1526 rus
613 1497 719 1526 cum
747 1487 871 1526 sorte
904 1485 1157 1539 obtigisset,
1191 1486 1278 1539 ipsi
1311 1486 1524 1540 protinus
1554 1498 1731 1528 sessum
1758 1487 1906 1540 irent;
1939 1489 2038 1528 tum
2070 1487 2131 1529 ad

508 1562 762 1604 dicendum
786 1567 1032 1604 accusator
1053 1563 1170 1604 duas
1191 1563 1343 1616 horas,
1371 1575 1480 1605 reus
1504 1566 1600 1606 tres
1630 1564 1840 1618 haberet,
1861 1576 2030 1619 resque
2056 1575 2130 1607 eo—

508 1639 616 1680 dem
643 1639 719 1680 die
753 1639 833 1680 illo
866 1639 1177 1692 iudicaretur;
1216 1640 1346 1693 prius
1378 1643 1535 1682 autem
1573 1653 1716 1694 quam
1748 1642 2009 1685 sententiae
2041 1641 2130 1684 fer-

345 1780 392 1815 35
406 1779 476 1814 KS

375 1828 419 1861 41
438 1828 472 1860 Β

378 1958 476 1993 400

509 1718 687 1768 rentur,
715 1716 881 1769 quinos
913 1728 974 1757 ex
1005 1717 1203 1770 singulis
1235 1717 1479 1759 ordinibus
1511 1721 1769 1771 accusator,
1802 1719 1996 1760 totidem
2022 1730 2132 1761 reus

510 1793 724 1846 reiceret,
758 1793 824 1834 ita
866 1796 916 1834 ut
947 1806 1173 1835 numerus
1204 1794 1414 1835 iudicum
1453 1794 1804 1849 relinqueretur
1833 1796 1915 1850 qui
1947 1798 2130 1839 senten—

509 1870 598 1911 tias
630 1870 809 1911 ferrent
841 1871 1187 1924 quinquaginta
1218 1874 1265 1912 et
1296 1883 1429 1912 unus.

597 1946 753 1989 Primo
777 1947 853 1988 die
876 1947 1012 1988 datus
1033 1950 1136 1988 erat
1158 1947 1206 1988 in
1228 1948 1449 1989 Milonem
1468 1949 1597 1990 testis
1615 1948 1660 1990 C.
1680 1947 1928 1991 Causinius
1948 1948 2130 2003 Schola,

509 2022 589 2076 qui
616 2034 664 2064 se
697 2034 805 2064 cum
839 2023 885 2072 P.
920 2022 1080 2064 Clodio
1109 2023 1263 2076 fuisse,
1286 2036 1394 2065 cum
1422 2024 1461 2065 is
1482 2024 1663 2066 occisus
1684 2027 1816 2078 esset,
1849 2025 1983 2079 dixit,
2009 2026 2130 2068 atro-

509 2101 795 2153 citatemque
838 2101 906 2141 rei
945 2101 1098 2142 factae
1134 2113 1277 2154 quam
1321 2101 1528 2143 maxime
1574 2102 1725 2156 potuit
1760 2100 1906 2144 auxit.
1988 2114 2130 2157 quem

509 2189 617 2218 cum
650 2177 945 2230 interrogare
956 2209 1050 2218 .....
1113 2178 1170 2219 Μ.
1204 2178 1455 2219 Marcellus
1487 2179 1728 2232 coepisset,
1763 2182 1892 2221 tanto
1924 2179 2131 2221 tumultu

509 2253 763 2295 Clodianae
810 2254 1126 2300 multitudinis
1167 2255 1515 2297 circumstantis
1552 2256 1807 2298 exterritus
1839 2258 1909 2298 est
1939 2259 1990 2298 ut
2030 2257 2129 2299 vim

510 2331 724 2371 ultimam
758 2330 928 2372 timens
965 2331 1013 2372 in
1056 2331 1265 2372 tribunal
1307 2343 1335 2372 a
1365 2331 1571 2373 Domitio
1603 2333 1910 2387 reciperetur.
1987 2345 2130 2387 quam

598 2463 622 2487 2.
643 2460 782 2487 tribunal
799 2469 831 2495 p,
856 2460 1015 2487 tribunale
1041 2462 1070 2487 C.
1108 2460 1181 2486 misi
1203 2460 1260 2487 tibi
1281 2461 1310 2487 S.
1382 2463 1407 2502 4.
1428 2462 1512 2488 esset
1531 2461 1699 2493 Βεναῐάαε,
1717 2462 1787 2488 erat
1810 2462 1839 2490 C.
1912 2464 1937 2499 8.
1951 2468 2078 2489 suorum
2094 2469 2127 2498 p,

510 2538 618 2558 eorum
644 2532 673 2558 C.
763 2534 788 2558 9.
808 2533 884 2564 quot
902 2532 937 2564 P,
964 2531 1046 2565 quod
1067 2532 1139 2558 SM.
1195 2531 1289 2570 tutati
1310 2532 1343 2564 P,
1367 2503 1462 2558 illitati
1483 2533 1547 2558 SM.
1638 2534 1678 2558 12.
1699 2531 1929 2565 consignarent
1947 2532 2126 2564 Manutius,

510 2584 736 2610 confirmarent
759 2585 790 2611 C.
826 2584 858 2610 in
879 2583 963 2610 diem
983 2586 1143 2617 posterum
1169 2585 1199 2616 C,
1223 2584 1280 2610 del.
1301 2584 1472 2611 Eberhard.
1546 2585 1586 2611 15.
1606 2583 1716 2610 LXXX
1732 2592 1764 2619 p,
1787 2583 1870 2610 LXX
1889 2585 1918 2612 C.
1991 2587 2034 2612 16.
2052 2583 2132 2612 obti-

510 2637 611 2670 gisset
631 2637 809 2669 Manutius,
833 2636 997 2670 attigisset
1017 2637 1045 2663 C.
1110 2636 1170 2669 ipsi
1191 2637 1338 2670 Ροῃῃῑυε,
1362 2637 1389 2663 is
1418 2636 1448 2663 ei
1473 2638 1502 2664 C.
1575 2636 1636 2663 iret
1655 2637 1684 2663 S.
1795 2637 1834 2663 Π.
1854 2644 1966 2671 resque
1985 2637 2127 2670 Richter,

510 2697 644 2722 reusque
670 2690 699 2716 C.
809 2691 850 2715 20.
880 2689 1113 2722 relinqueretur
1141 2690 1175 2721 Ι),
1205 2688 1463 2722 relinquerentur
1491 2690 1564 2716 SM.
1673 2692 1715 2716 21.
1740 2689 2024 2724 quinquagesimus
2044 2692 2077 2718 et
2100 2691 2130 2718 C.

510 2745 551 2769 22.
572 2742 602 2769 G.
623 2742 926 2775 Kiesslz'ny-Scleoelc,
950 2749 1006 2768 om.
1032 2742 1060 2769 C.
1124 2740 1293 2768 Causinius
1314 2743 1414 2775 Halm,
1439 2742 1579 2769 casinius
1603 2743 1632 2770 C.
1741 2744 1783 2769 25.
1802 2742 1842 2769 M.
1861 2744 1932 2776 PM,
1954 2750 2011 2770 om.
2031 2744 2060 2771 S.
2090 2743 2131 2771 In

510 2796 580 2822 SM
595 2795 739 2829 sequitur
758 2796 873 2821 lamma
894 2796 932 2821 10
952 2795 1010 2821 litt.
1056 2795 1129 2821 Post
1149 2794 1348 2828 interrogare
1369 2796 1478 2829 Stanyl
1497 2795 1641 2829 asperius
1671 2796 1716 2822 vel
1745 2796 1822 2829 quid
1849 2796 1950 2823 simile
1977 2796 2130 2824 caecidisse

507 2852 608 2883 putat.
664 2848 801 2882 cepisset
821 2849 897 2874 PM.
988 2850 1030 2874 27.
1050 2847 1209 2874 tribunale
1230 2834 1303 2874 SM.
1358 2848 1511 2882 recipitur
1531 2849 1559 2875 S.
1759 2841 1762 2844 ’

557 2955 579 2989 3
605 2954 654 2988 Μ.
682 2954 884 2989 Marcello:
912 2954 961 2988 M.
989 2954 1173 2989 Claudius
1196 2954 1413 2999 Marcellus,
1442 2964 1546 2989 cons.
1573 2964 1606 2988 a.
1634 2954 1689 2989 51.

2167 1032 2214 1071 10

2169 1417 2214 1453 15

2167 2187 2213 2223 25
