2300 3528
412 1454 511 1490 870

413 1610 457 1644 87
474 1610 507 1643 13

381 1919 425 1952 Ts
442 1915 506 1950 KS

418 2225 462 2257 (58
482 2223 512 2257 S

535 278 580 312 94
1227 275 1392 312 ASCON
1395 275 1475 312 IVS

536 374 829 428 depectus
859 373 961 426 sis,
995 385 1059 414 eo
1091 375 1364 426 tempore
1406 373 1466 413 in
1508 384 1595 414 me
1637 372 1749 414 tibi
1793 384 1999 427 parum
2032 384 2165 416 esse

537 450 754 491 auxilii
786 449 1035 491 vidisse.

626 526 804 568 Verum
836 537 945 567 cum
977 526 1130 579 egerit
1158 525 1304 567 Mucii
1351 537 1544 567 eausam
1582 524 1747 568 Cicero
1778 526 1902 568 sicut
1932 524 2166 568 Catilinae

537 603 687 656 egisse
710 615 819 644 eum
842 602 997 645 videri
1021 602 1126 645 vult
1146 600 1424 655 Fenestella,
1440 613 1531 644 cur
1551 602 1660 656 iam,
1679 603 1900 656 quamvis
1921 602 2046 645 male
2067 601 2165 657 exi-

536 680 696 722 stimet
715 680 774 721 de
797 691 941 721 causa
962 679 1119 732 Mucii,
1143 682 1305 721 tamen
1328 679 1372 721 ei
1396 679 1652 733 exprobret
1672 679 1990 734 patrocinium
2012 691 2166 734 suum,

538 770 631 798 non
663 757 790 799 idem
822 757 871 798 in
904 755 1109 798 Catilina
1142 756 1299 810 faciat,
1331 757 1368 798 si
1401 757 1540 798 modo
1571 769 1656 811 pro
1689 769 1743 799 eo
1775 756 1931 799 dixit?
2003 759 2051 799 et
2071 761 2169 799 'eur

537 834 690 887 ipsum
723 833 841 875 illud
874 833 1104 875 iudicium
1127 833 1315 887 saepius
1338 833 1387 874 in
1410 833 1656 875 infamiam
1679 833 1854 876 vocat?
1915 833 2040 887 quod
2062 845 2167 888 par-

537 911 639 952 cius
670 910 862 952 videtur
894 910 1036 951 fuisse
1069 910 1292 963 facturus,
1316 910 1355 951 si
1378 910 1427 951 in
1449 922 1504 951 eo
1526 910 1703 952 iudicio
1735 910 1899 952 fuisset
1929 911 2167 964 patronus.

538 990 679 1040 atque
703 987 868 1028 utalia
889 987 1117 1039 omittam,
1145 987 1234 1028 hoc
1267 989 1396 1028 certe
1428 987 1514 1028 vix
1545 987 1737 1029 videtur
1767 987 1981 1029 dicturus
2011 986 2168 1040 fuisse,

538 1064 576 1105 si
609 1063 690 1105 illo
722 1066 919 1117 patrono
951 1062 1157 1105 Catilina
1188 1063 1561 1117 repetundarum
1595 1063 1836 1124 absolutus
1867 1065 2010 1105 esset:

627 1139 871 1194 Stupris
902 1152 961 1182 se
994 1140 1269 1182 omnibus
1301 1151 1367 1181 ac
1399 1140 1672 1193 flagitiis
1703 1139 2168 1193 contaminavit,

540 1217 709 1259 caede
731 1217 955 1258 nefaria
977 1217 1320 1269 cruentavit,
1344 1216 1586 1270 diripuit
1607 1217 1804 1270 socios,
1826 1217 1983 1270 leges
2003 1228 2169 1270 quae—

541 1293 751 1335 stiones
783 1292 997 1334 iudicia
1028 1292 1271 1335 violavit
1301 1317 1359 1322 ——-
1391 1295 1439 1334 et
1468 1295 1652 1346 postea:

632 1369 774 1422 Quid
809 1382 907 1424 ego
957 1372 1013 1410 ut
1059 1369 1373 1412 violaveris
1420 1369 1771 1423 provinciam
1817 1367 2171 1424 praedicem?

543 1459 665 1489 nam
700 1450 758 1488 ut
789 1449 840 1488 te
872 1446 997 1488 illic
1033 1446 1278 1500 gesseris
1314 1458 1420 1488 non
1458 1446 1634 1488 audeo
1667 1446 1878 1500 dicere,
1911 1445 2171 1500 quoniam

544 1524 830 1566 absolutus
862 1536 936 1565 es.
1001 1523 1260 1565 mentitos
1292 1535 1410 1565 esse
1443 1524 1661 1577 equites
1692 1523 1770 1577 R„
1799 1523 1971 1565 falsas
2001 1522 2171 1564 fuisse

544 1601 783 1642 tabellas
814 1600 1242 1642 honestissimae
1276 1600 1532 1642 civitatis
1563 1600 1845 1653 existimo,
1878 1599 2171 1642 mentitum

544 1677 607 1729 Q.
647 1677 959 1719 Metellum
1006 1677 1194 1730 Pium,
1229 1678 1546 1719 mentitam
1592 1677 1887 1719 Africam:
1935 1675 2172 1719 vidisse

545 1754 697 1796 aliud
744 1754 932 1795 nescio
980 1754 1112 1807 quid
1161 1754 1288 1795 illos-
1335 1754 1572 1807 iudices,
1607 1754 1701 1807 qui
1734 1755 1787 1795 te
1819 1753 2172 1796 innocentem

544 1831 891 1872 iudicarunt.
980 1843 1005 1871 o
1038 1830 1208 1871 miser
1239 1830 1333 1883 qui
1367 1843 1473 1871 non
1505 1831 1719 1872 sentias
1750 1830 1847 1871 illo
1879 1829 2090 1872 iudicio
2122 1831 2173 1870 te

544 1920 650 1949 non
673 1908 1007 1960 absolutum,
1031 1919 1223 1949 verum
1257 1907 1321 1948 ad
1354 1907 1583 1961 aliquod
1614 1906 1870 1949 severius
1901 1906 2172 1948 iudicium

545 1997 607 2026 ac
639 1985 815 2026 maius
846 1983 1188 2038 supplicium
1222 1985 1602 2026 reservatum!

635 2061 811 2103 Verine
844 2073 957 2114 ergo
988 2061 1142 2102 simile
1176 2064 1245 2102 est
1275 2061 1395 2102 haec
1417 2073 1526 2102 eum
1549 2059 1782 2102 Catilinae
1803 2060 2006 2113 obicere,
2027 2059 2066 2101 si
2093 2059 2175 2101 illo

545 2138 830 2179 defendente
863 2137 1104 2178 absolutus
1135 2136 1292 2178 esset?
1354 2139 1603 2191 praeterea
1625 2139 1785 2179 movet
1805 2148 1881 2178 me
1903 2136 2173 2190 quod,'eum

546 2214 640 2255 sint
671 2212 1009 2255 Commentarii
1042 2212 1284 2255 Ciceronis
1315 2225 1480 2255 earum
1513 2213 1656 2255 etiam
1689 2213 2030 2266 defensionum,
2057 2223 2176 2266 quas

547 2291 751 2343 suscepit
782 2301 869 2332 nec
897 2290 1099 2343 peremit,
1132 2289 1320 2331 nullum
1352 2290 1517 2331 invem·
1554 2289 1699 2331 huius
1730 2289 2020 2342 defensionis
2051 2300 2175 2331 com-

549 2367 835 2409 mentarium
868 2368 951 2407 aut
980 2365 1283 2420 principium.

638 2480 661 2503 1.
681 2476 832 2510 depectus
852 2476 896 2503 sis
916 2477 1226 2510 Kiessliny-Sehoell,
1250 2476 1394 2503 detectus
1409 2476 1451 2503 sit
1470 2477 1501 2509 (ξ’,
1525 2476 1642 2504 detecti
1658 2476 1685 2503 is
1698 2476 1741 2503 sit
1753 2477 1802 2503 P2.
1874 2478 1898 2503 2.
1918 2471 2033 2503 assxilii
2052 2470 2123 2504 essse
2142 2475 2178 2503 P.

549 2530 668 2557 vidisse
698 2530 777 2563 Ald„
810 2529 944 2556 vidisset
973 2531 1051 2562 PM,
1084 2528 1228 2569 Yissffssll'sse?
1257 2529 1393 2556 vidisset
1412 2531 1441 2557 S.
1548 2532 1573 2556 3.
1594 2537 1664 2557 cum
1691 2529 1796 2563 egerit
1819 2529 1926 2562 Orelli,
1957 2531 1993 2559 ut
2011 2530 2124 2564 ageret
2147 2529 2177 2556 0.

548 2586 573 2610 4.
593 2583 699 2617 egisse
729 2583 808 2615 Alci„
841 2582 963 2616 egisset
987 2583 1016 2610 C.
1079 2582 1143 2609 iam
1170 2583 1336 2615 Itonion-us,
1370 2586 1434 2610 tam
1460 2584 1489 2610 C.
1554 2582 1700 2616 quemvis
1728 2583 1802 2610 SM.
1910 2584 1936 2610 5.
1955 2581 2126 2616 exprobret
2144 2589 2174 2616 p,

549 2636 703 2670 exprobet
727 2637 756 2663 C.
865 2639 890 2662 G.
910 2638 941 2663 et
962 2636 1040 2666 Ald..
1073 2638 1107 2663 ut
1131 2638 1161 2663 C.
1269 2638 1293 2662 7.
1315 2636 1404 2662 illum
1426 2637 1499 2663 SM.
1605 2638 1631 2663 8.
1652 2635 1778 2663 videtur
1806 2636 1928 2668 Baiter,
1960 2634 2124 2663 videretur
2147 2635 2177 2662 C.

550 2692 591 2716 10.
611 2691 695 2716 esset
716 2689 895 2722 Manutius,
919 2691 967 2716 est
991 2690 1020 2716 C.
1094 2691 1135 2716 15.
1155 2688 1223 2715 illis
1242 2691 1271 2715 S.
1345 2691 1386 2715 16.
1407 2688 1560 2716 mentitus
1574 2689 1603 2715 S.
1675 2690 1718 2716 17.
1731 2687 1899 2715 mentitam
1911 2696 1943 2723 p,
1960 2686 2128 2715 mentitum
2146 2687 2177 2715 C.

550 2744 593 2768 19.
614 2741 702 2768 aliud
722 2741 904 2774 Buecheler,
928 2740 1011 2774 apud
1036 2743 1065 2768 C.
1120 2740 1195 2767 illos
1214 2741 1394 2773 Manutius,
1418 2741 1475 2767 illo
1500 2741 1530 2768 C.
1639 2742 1681 2767 23.
1700 2739 1830 2774 Verine]
1850 2739 1988 2768 «Vincis
2005 2746 2067 2767 1110.
2102 2738 2178 2776 11η,

550 2797 624 2828 puto
645 2793 686 2821 1ιό
705 2794 886 2822 defendisse
915 2794 971 2820 sed
1001 2793 1042 2820 tffi
1073 2793 1110 2820 de
1140 2792 1314 2821 defendEdo
1345 2793 1505 2827 cogitasse
1534 2793 1617 2827 quod
1638 2801 1658 2831 p
1678 2792 1782 2827 eplam
1810 2792 1924 2827 negari
1951 2791 1993 2820 115
2011 2781 2177 2827 ffi.»Pm9.

551 2850 593 2874 24.
612 2847 775 2874 absolutes
794 2847 823 2874 S.
878 2849 963 2873 esset
982 2847 1104 2879 Baiter,
1127 2848 1176 2874 est
1200 2848 1229 2874 C.
1252 2862 1256 2865 -
1303 2849 1344 2873 25.
1365 2847 1475 2881 etiam]
1496 2844 1528 2872 ἓὲ
1548 2847 1589 2873 Μ.
1663 2848 1757 2873 25-26.
1778 2853 1858 2880 quas
1875 2845 2018 2880 suscepit
2037 2852 2096 2873 nee
2109 2852 2178 2880 per-

552 2901 629 2934 egit,
648 2900 770 2927 nullum
791 2899 921 2926 invenio
943 2899 1065 2934 (inveni
1086 2899 1208 2933 Stanyl)
1229 2898 1322 2926 huius
1343 2899 1539 2927 defensionis
1560 2900 1740 2931 Buecheler,
1764 2907 1820 2926 om.
1844 2900 1874 2926 (J.
2139 2902 2142 2904 “

600 2990 641 3023 11
669 2988 821 3033 stupris
847 2999 889 3023 se
915 2988 1095 3023 omnibus
1121 2991 1212 3022 ete:
1240 2988 1281 3029 Q.
1308 2987 1409 3022 Cic.
1431 2989 1506 3032 pet.
1533 2996 1634 3022 cons.
1662 2988 1788 3022 10-11.

2206 1071 2252 1106 10

2209 1455 2255 1488 15

2211 2224 2259 2258 25
