2300 3528
9 0 57 123 ἶ
66 0 74 8 ’
94 0 198 28 'zet-<3⁷2-
210 0 227 34 ·'
250 0 263 6 *-

173 314 347 365 omissa
385 324 612 377 praetura
644 323 809 365 consul
851 324 1010 365 fieret:
1053 322 1130 365 cui
1174 321 1485 377 cumprimis
1522 320 1816 375 temporibus

172 397 278 442 iure
297 397 536 454 Sulpicius
562 399 818 454 resisteret,
845 402 1009 455 postea
1035 399 1187 441 nimia
1209 399 1521 442 contentione,
1539 399 1600 441 ad
1632 399 1813 440 ferrum

171 477 221 519 et
248 475 311 519 ad
341 487 478 519 arma
509 477 752 532 processit.
815 476 943 519 idem
977 477 1104 519 inter
1135 476 1315 531 primos
1348 475 1575 530 temporis
1606 475 1678 517 sui
1711 487 1813 516 ora-

169 554 296 598 tores
326 555 374 596 et
404 554 617 609 tragicus
648 557 788 610 poeta
819 555 971 597 bonus
1011 555 1269 597 admodum
1311 554 1502 596 habitus
1543 556 1631 606 est;
1673 552 1815 595 huius

111 641 135 680 5
168 631 280 673 sunt
309 629 438 673 enim
471 631 748 686 tragoediae
786 644 909 686 quae
946 631 1278 677 inscribuntur
1309 631 1415 672 Iuli.
1488 633 1536 673 et
1566 630 1616 672 hi
1652 634 1813 672 autem

169 706 280 751 Iulii
300 710 360 753 ,et
379 707 614 751 Antonius
639 721 668 751 a
693 709 980 752 satellitibus
1000 709 1121 751 Mari
1147 712 1257 751 sunt
1283 708 1441 762 occisi,
1469 720 1579 750 cum
1603 706 1812 760 Crassus,
1854 713 1900 748 25
1916 713 1952 747 Β

167 787 221 828 ut
250 797 396 842 supra
426 786 651 841 diximus,
685 787 890 829 eundern
923 799 1086 829 casum
1120 800 1206 830 sua
1233 799 1378 830 manu
1411 786 1752 841 praevenisset.

783 217 836 259 IN
863 217 1199 260 SCAVRIANAM
1770 221 1815 255 25)

794 917 907 962 CIR.
941 918 1187 961 MEDIVM
1852 922 1896 958 <27
1917 922 1947 957 s

243 1017 333 1072 Ἴ(33
355 1020 442 1074 sq.)
474 1017 675 1074 Neque
710 1031 854 1062 vero
886 1019 1032 1062 haec
1064 1020 1198 1075 ipsa
1229 1019 1547 1062 cotidiana
1580 1031 1677 1061 res
1709 1018 1811 1072 Ap·
1876 1074 1879 1077 Δ

83 1105 130 1141 10
164 1094 331 1151 pium
387 1094 731 1152 Claudium,
790 1097 898 1139 illa
959 1097 1340 1140 humanitate
1397 1100 1454 1139 et
1509 1096 1813 1151 sapientia

164 1173 532 1229 praeditum,
580 1171 691 1229 per
733 1187 793 1217 se
841 1175 973 1230 ipsa
1020 1175 1332 1230 movisset,
1381 1175 1502 1217 nisi
1551 1175 1713 1216 hunc
1765 1173 1810 1216 C.

163 1248 409 1305 Claudii
457 1252 668 1295 fratris
728 1253 812 1295 sui
865 1253 1312 1308 competitorem
1360 1253 1489 1295 fore
1531 1255 1810 1308 putasset.

163 1329 259 1384 qui
290 1329 420 1385 sive
457 1330 757 1385 patricius
788 1330 918 1373 sive
950 1331 1218 1386 plebeius
1266 1333 1424 1373 esset
1454 1354 1512 1359 —
1545 1330 1809 1372 nondum

162 1407 323 1450 enim
370 1411 605 1450 certum
653 1409 1056 1451 constitutum
1105 1411 1235 1452 erat
1276 1434 1333 1439 —
1381 1421 1504 1451 cum
1548 1408 1809 1453 illosibi

79 1493 126 1529 15
161 1485 628 1528 contentionem
663 1486 794 1529 fore
827 1487 1105 1542 putabat.

249 1561 466 1606 Fuerunt
496 1563 626 1606 enim
658 1564 781 1606 duae
815 1564 1026 1607 familiae
1050 1563 1299 1607 Claudiae:
1345 1576 1513 1606 earum
1537 1576 1661 1619 quae
1687 1564 1808 1606 Mar-

161 1639 392 1682 cellorum
410 1640 651 1695 appellata
667 1643 738 1683 est
753 1641 956 1696 plebeia,
975 1653 1097 1696 quae
1114 1641 1431 1683 Pulchrorum
1450 1641 1667 1696 patricia.
1726 1642 1809 1683 sed
1850 1649 1896 1684 <26
1915 1650 1946 1684 C

158 1715 384 1760 hocloco
417 1717 599 1760 urbane
642 1716 810 1760 Cicero
851 1718 964 1760 lusit
995 1718 1044 1760 in
1086 1718 1132 1761 C.
1167 1717 1436 1772 Claudium,
1481 1730 1592 1760 cum
1633 1730 1726 1773 quo
1760 1718 1808 1760 in
1848 1727 1980 1762 2311'8

157 1794 364 1848 gratiam
385 1807 480 1838 non
503 1795 726 1838 redierat.
789 1808 902 1838 nam
925 1796 1038 1851 quia
1070 1796 1109 1838 is
1140 1796 1189 1838 P.
1224 1795 1377 1838 Clodii
1406 1799 1511 1838 erat
1533 1796 1695 1850 frater,
1725 1797 1807 1850 qui

73 1879 122 1918 ‘20
157 1884 219 1915 ex
248 1873 454 1928 patricia
495 1873 545 1916 in
586 1874 825 1928 plebeiam
869 1874 1103 1916 familiam
1146 1874 1403 1916 transierat
1442 1886 1529 1929 per
1565 1886 1803 1916 summam

156 1935 420 2005 infamiam,
454 1950 610 2006 ipsum
642 1963 831 2006 quoque
865 1951 1086 1994 dubitare
1118 1951 1276 1993 adhuc
1309 1951 1444 1993 dixit.

227 2100 252 2125 1.
271 2097 393 2125 omissa
410 2098 446 2131 P,
468 2097 624 2126 ommissa
644 2099 687 2130 M,
714 2098 753 2125 ob
774 2098 895 2126 omissa
915 2099 944 2126 S.
1054 2102 1077 2127 2.
1098 2098 1266 2126 resisteret
1287 2099 1379 2129 Pml.
1414 2097 1581 2126 resistatet
1603 2099 1648 2131 ΡΙ,
1674 2099 1806 2126 resistat

143 2137 189 2178 'et
206 2150 237 2178 S.
291 2153 324 2179 et
343 2152 457 2185 postea
475 2151 550 2178 SM.
623 2153 685 2178 3-4.
705 2151 789 2179 idem
802 2166 816 2171 -
828 2151 930 2179 bonus
944 2159 1000 2178 om.
1015 2154 1044 2179 S.
1118 2154 1143 2179 3.
1163 2147 1213 2179 siii
1230 2144 1309 2186 ti‘iris
1323 2153 1357 2179 P.
1430 2155 1456 2179 οἳ.
1476 2151 1517 2179 ab
1534 2152 1565 2179 Ρ.
1639 2154 1664 2178 8.
1685 2160 1743 2179 om.
1760 2153 1807 2179 M.

155 2207 198 2232 11.
217 2203 250 2232 C.
273 2205 344 2237 Cic..
367 2212 425 2232 om.
449 2206 479 2233 C.
590 2207 631 2232 12.
651 2204 902 2239 compeditorem
926 2206 970 2238 Sl,
1001 2205 1249 2240 competitorem
1278 2206 1320 2232 M.
1431 2208 1473 2232 14.
1493 2205 1708 2233 constituerat
1741 2206 1803 2233 (fle.

154 2256 216 2286 hoe
239 2257 301 2286 Cic.
393 2261 435 2287 16.
453 2254 587 2286 clafldie
608 2254 733 2286 familie
753 2259 788 2286 P.
845 2266 955 2287 earum
977 2267 1058 2293 quae
1080 2260 1246 2293 Lodoieus,
1270 2266 1446 2293 earumque
1471 2261 1501 2287 C.
1612 2261 1654 2286 17.
1675 2259 1805 2294 plebeia

154 2318 237 2346 qm
257 2312 439 2346 Manutius,
466 2312 659 2347 plebemque
680 2313 754 2343 SM.
786 2312 979 2347 plebemque
1001 2316 1032 2341 et
1053 2314 1086 2340 P.
1197 2316 1238 2340 18.
1258 2312 1290 2340 C.
1310 2313 1395 2346 Rau,
1419 2321 1477 2340 om.
1502 2315 1533 2340 C.
1634 2315 1677 2340 21.
1698 2313 1803 2347 ipsum

154 2365 295 2400 Madvig),
318 2373 354 2394 se
378 2366 411 2394 C.

201 2498 224 2534 2
249 2498 466 2534 resisteret:
499 2497 599 2533 Cic.
628 2498 744 2532 Brut.
771 2499 828 2541 63,
854 2498 941 2542 2263
1008 2499 1176 2544 perioch.
1204 2498 1312 2534 Liv.
1339 2498 1505 2543 LXXX3
1541 2498 1669 2533 Flor.
1702 2498 1740 2533 II
1771 2499 1803 2543 9,

153 2557 310 2594 dehar.
336 2569 370 2593 r.
394 2557 453 2603 20,
478 2557 536 2593 43.
1015 2557 1802 2603 143Vell.Pat.11<22,33Va1.Max.

201 2618 225 2653 3
248 2617 354 2654 idem
378 2617 481 2654 inter
501 2619 648 2663 primos
670 2621 752 2653 etc:
772 2618 940 2663 perioch.
1014 2618 1046 2653 V
1071 2619 1104 2663 3,
1131 2619 1170 2663 ὃς
1202 2618 1296 2654 VIII
1321 2619 1354 2663 9,
1389 2619 1428 2663 23
1461 2617 1517 2653 IX
1544 2618 1577 2663 2,
1603 2618 1646 2662 2,
1680 2617 1801 2663 App.

153 2676 260 2712 Liv.
303 2676 504 2722 LXXV113
540 2677 639 2714 Cic.
665 2678 710 2713 de
735 2689 790 2712 or.
818 2677 857 2713 ΙΙ
882 2677 939 2723 23,
1012 2678 1044 2713 b.
1071 2689 1101 2713 0.
1129 2678 1146 2712 Ι
1173 2679 1239 2723 72;
1266 2678 1393 2713 Plut.
1421 2678 1527 2713 Mar.
1554 2678 1621 2722 443
1648 2678 1802 2721 Ant.1;

153 2736 217 2782 983
248 2736 306 2782 54,
343 2736 432 2782 2163
469 2737 528 2772 III
565 2738 598 2783 8,
630 2738 694 2782 303
732 2738 848 2772 Brut.
882 2737 939 2782 48,
1013 2736 1108 2772 Cic.
1134 2737 1179 2772 de
1204 2748 1260 2772 or.
1288 2737 1346 2772 III
1372 2739 1406 2782 3,
1433 2737 1495 2782 103
1515 2747 1592 2782 pro
1619 2735 1713 2771 Sosi.
1745 2735 1801 2780 21,

154 2796 240 2842 177;
259 2797 316 2842 57,
334 2797 422 2842 2073
439 2797 496 2842 88,
514 2797 602 2843 2013
623 2798 680 2843 89,
699 2797 787 2842 305;
812 2796 937 2842 deoff.
1012 2796 1075 2842 48,
1107 2798 1217 2832 Tusc.
1244 2797 1277 2831 V
1304 2797 1360 2841 19,
1388 2796 1452 2840 553
1484 2797 1602 2831 Brut.
1637 2797 1694 2839 89,
1720 2796 1800 2831 307.

161 2855 180 2891 Ι
209 2856 267 2901 30,
297 2857 385 2901 108;
417 2857 474 2902 37,
502 2857 587 2902 1333
615 2858 724 2892 Tusa.
744 2857 776 2892 V
797 2857 853 2902 19,
873 2857 938 2902 553
1060 2857 1104 2892 12
1119 2856 1158 2893 C.
1171 2857 1340 2893 Claudii:
1355 2856 1395 2892 C.
1414 2856 1602 2892 Claudius
1620 2855 1800 2900 Pulcher,

153 2915 273 2952 Vell.
301 2916 409 2951 Pat.
435 2916 473 2951 II
499 2917 531 2952 9.
854 2958 856 2960 r
1011 2920 1134 2962 praet.
1158 2927 1192 2953 a.
1212 2918 1268 2962 56,
1288 2927 1356 2962 pro
1377 2920 1498 2962 praet.
1520 2917 1559 2950 iu
1579 2915 1673 2950 Asia
1691 2926 1724 2949 a.
1745 2916 1801 2961 55,

202 2977 224 3011 5
249 2980 288 3011 et
320 2976 359 3011 hi
389 2980 522 3011 autem
555 2976 644 3012 Iulii
681 2982 774 3012 ete.:
806 2987 840 3012 a.
873 2978 937 3022 873
1058 2978 1104 3013 20
1131 2977 1358 3012 transierat:
1385 2987 1418 3011 a.
1448 2978 1503 3010 59.
