2300 3528
48 1048 95 1084 10

47 1435 94 1472 15

744 244 798 280 IN
825 243 1166 280 SCAVRIANAM
1727 241 1773 276 23

133 341 404 396 exercebat,
431 342 676 384 metuebat
701 341 957 384 admodum
989 343 1184 396 propter
1218 340 1481 382 amicitiam
1514 351 1637 394 quae
1670 342 1774 381 erat

133 419 207 464 im
225 431 336 463 eum
357 419 562 463 Triario:
589 432 702 462 nam
719 419 970 472 Flaminia,
987 418 1161 460 Triarii
1185 420 1351 472 mater,
1370 420 1418 460 et
1438 418 1539 472 ipse
1561 417 1774 459 Triarius

116 502 343 542 ‘sororem
361 495 554 540 Catonis
570 496 840 550 Serviliam,
858 509 981 552 quae
1000 499 1154 538 mater
1185 496 1243 538 M.
1276 496 1411 538 Bruti
1445 496 1547 550 fuit,
1571 495 1772 537 familia-

132 574 251 619 riter
281 574 536 630 diligebat3
564 587 622 617 ea
648 587 788 630 porro
810 574 936 630 apud
970 572 1197 616 Catonem
1230 576 1497 615 maternam
1531 573 1776 615 obtinebat

130 652 480 696 auctoritatem.
544 653 626 695 sed
660 652 703 694 ei
737 652 786 694 in
819 652 996 694 iudicio
1028 664 1184 706 neque
1206 651 1460 707 Pompeius
1485 663 1773 706 propensum

130 730 421 774 adiutorium
454 731 677 786 praebuit
707 756 765 760 —
796 730 1053 773 videbatur
1094 730 1222 773 enim
1260 729 1387 784 apud
1424 729 1638 771 animum
1672 730 1775 772 eius

129 821 226 852 non
274 809 433 852 minus
480 809 753 852 offensionis
794 808 1102 862 contraxisse,
1150 808 1276 863 quod
1323 808 1555 850 iudicium
1590 808 1692 850 eius
1724 809 1773 851 in
1811 825 1858 861 ‘20
1880 825 1912 861 0

129 886 338 930 Muciam
370 887 572 930 crimine
605 886 934 941 impudicitiae
961 887 1021 929 ab
1054 899 1109 928 eo
1142 887 1385 928 dimissam
1419 886 1574 929 levius
1606 886 1773 929 fecisse

131 965 503 1019 existimaretur,
536 977 646 1007 cum
679 977 786 1007 eam
810 965 909 1020 ipse
933 965 1189 1019 probasset,
1214 977 1357 1019 quam
1391 965 1576 1020 gratiae
1609 965 1773 1020 adqui·
1813 981 1859 1016 20
1875 981 1911 1015 B

130 1042 245 1086 sisse
291 1042 656 1086 necessitudinis
695 1042 813 1095 iure,
862 1042 987 1096 quod
1035 1054 1096 1084 ex
1138 1043 1306 1085 eadem
1353 1045 1554 1098 uterque
1599 1043 1775 1086 liberos

130 1121 332 1165 haberet
361 1145 421 1151 -—
451 1132 608 1175 neque
641 1119 756 1162 Cato
788 1120 848 1162 ab
881 1121 1122 1174 aequitate
1156 1133 1226 1175 ea,
1259 1133 1382 1175 quae
1410 1124 1457 1163 et
1488 1122 1638 1164 vitam
1673 1122 1775 1164 eius

129 1200 178 1242 et
207 1199 539 1254 magistratum
572 1187 709 1241 illum
736 1198 950 1252 decebat,
974 1211 1213 1253 quoquam
1246 1200 1456 1242 deflexit.
1521 1203 1624 1255 post
1646 1200 1773 1243 diem

129 1278 291 1320 autem
323 1279 548 1332 quartum
575 1289 719 1332 quam
747 1277 1011 1332 postulatus
1033 1279 1137 1319 erat
1161 1276 1382 1332 Scaurus,
1409 1277 1612 1321 Faustus
1642 1278 1774 1333 Sylla

129 1354 231 1395 tum
263 1354 499 1408 quaestor,
533 1353 659 1395 filius
700 1352 861 1406 Syllae
902 1352 1090 1407 Felicis,
1125 1353 1274 1395 frater
1315 1366 1376 1396 ex
1419 1354 1587 1396 eadem
1622 1358 1774 1398 matre
1813 1363 1859 1398 18
1876 1362 1948 1399 ΚΒ

128 1428 310 1485 Scauri,
342 1441 454 1474 cum
474 1442 643 1473 servus
665 1430 768 1473 eius
789 1431 909 1473 esset
930 1431 1224 1485 vulneratus,
1259 1432 1478 1486 prosiluit
1510 1445 1571 1475 ex
1603 1433 1776 1476 lectica

129 1520 216 1551 sua
247 1510 296 1551 et
325 1510 520 1564 questus
551 1512 622 1551 est
652 1521 737 1564 pro
771 1509 1057 1564 interempto
1096 1521 1197 1552 esse
1229 1509 1455 1553 relictum
1487 1523 1517 1553 a
1549 1512 1774 1566 competi-

129 1586 312 1629 toribus
343 1585 525 1642 Scauri,
558 1590 607 1630 et
638 1587 887 1630 ambulare
919 1599 995 1630 eos
1027 1600 1137 1630 cum
1170 1586 1284 1630 CCC
1316 1589 1514 1632 armatis
1544 1602 1704 1645 seque,
1737 1592 1774 1633 si

127 1676 324 1707 necesse
355 1667 490 1719 esset,
523 1665 624 1708 vim
656 1665 707 1708 vi
739 1665 1058 1720 repulsurum.

216 1742 550 1786 Defenderunt
580 1742 813 1786 Scaurum
836 1755 921 1786 sex
943 1745 1145 1799 patroni,
1169 1757 1279 1787 cum
1303 1745 1362 1787 ad
1386 1746 1434 1788 id
1457 1748 1643 1801 tempus
1666 1759 1774 1790 raro

128 1819 381 1876 quisquam
413 1821 632 1876 pluribus
663 1834 807 1876 quam
834 1824 1059 1876 quattuor
1082 1825 1316 1866 uteretur:
1350 1827 1399 1866 at
1423 1828 1527 1879 post
1552 1825 1680 1868 bella
1711 1826 1774 1868 ci-

127 1897 247 1940 vilia
273 1900 384 1940 ante
406 1898 562 1953 legem
586 1898 758 1940 Iuliam
782 1899 842 1941 ad
870 1899 1111 1942 duodenos
1133 1902 1356 1955 patronos
1378 1904 1448 1943 est
1473 1905 1774 1956 perventum.

128 1974 325 2019 fuerunt
365 1978 525 2018 autem
568 1975 618 2018 hi
661 1989 770 2019 sex:
813 1977 861 2019 P.
906 1976 1099 2020 Clodius
1141 1978 1360 2033 Pulcher,
1401 1979 1460 2022 M.
1503 1980 1773 2036 Marcellus,

126 2053 187 2103 M.
211 2052 437 2109 Calidius,
460 2053 519 2096 M.
543 2053 724 2109 Cicero,
747 2054 806 2097 M.
830 2055 1032 2098 Messala
1052 2055 1212 2111 Niger,
1236 2055 1290 2110 Q.
1314 2057 1608 2101 Hortensius.
1673 2060 1773 2115 ipse

216 2185 243 2211 2.
259 2182 381 2211 Triarii
397 2191 430 2219 p,
460 2183 590 2212 Triaria
614 2185 644 2212 C.
753 2187 779 2212 4.
799 2187 980 2213 maternam
1010 2186 1147 2220 Pquius
1175 2187 1217 2220 M,
1243 2190 1348 2215 mater
1367 2195 1441 2215 nam
1463 2189 1528 2216 SP.
1637 2191 1663 2216 5.
1689 2189 1718 2216 ei
1740 2189 1773 2216 in

126 2236 441 2272 Kseulina—Schoell,
464 2237 497 2265 in
518 2239 550 2265 et
570 2239 636 2271 SP,
659 2237 692 2265 in
713 2239 756 2272 M,
779 2238 813 2266 in
833 2246 870 2267 eo
891 2240 947 2267 P8.
1038 2242 1063 2268 7.
1084 2240 1321 2269 contradix1sse
1342 2243 1371 2269 S.
1463 2245 1487 2270 9.
1508 2243 1714 2272 extimaret*
1739 2246 1774 2273 P.

127 2293 171 2319 11.
189 2297 273 2326 qnae
291 2291 464 2325 Beroaldus,
488 2299 584 2326 quam
610 2293 640 2320 C.
706 2295 748 2320 13.
769 2295 917 2327 quartum
934 2302 967 2328 p,
991 2293 1058 2320 1111
1083 2295 1113 2322 C.
1178 2296 1220 2322 15.
1241 2303 1312 2322 cum
1334 2303 1447 2324 servus
1467 2296 1537 2324 eius
1557 2300 1644 2326 esset
1663 2299 1774 2326 vulne-

127 2345 218 2373 ratu·
235 2345 339 2379 Halm,
362 2352 475 2374 servus
495 2344 565 2374 eius
583 2346 773 2374 vulneratus
797 2348 827 2375 C.
902 2349 998 2375 15-16.
1013 2348 1132 2375 lectica
1150 2355 1210 2376 sua
1228 2350 1331 2383 Halm,
1356 2350 1497 2378 lecticiis
1522 2352 1553 2384 C,
1577 2351 1718 2387 lectieijS
1738 2354 1772 2381 Ρ.

129 2399 172 2427 18.
190 2397 340 2427 relietum
369 2406 389 2427 ι
416 2399 520 2433 Halm,
544 2407 602 2427 om.
626 2401 656 2428 C.
784 2403 880 2428 16-17.
909 2401 1182 2436 compeditoribus
1206 2403 1249 2429 S1.
1368 2406 1410 2431 17.
1440 2411 1495 2432 eos
1523 2406 1626 2440 Halm,
1659 2414 1716 2434 om.
1742 2409 1772 2435 (J.

129 2452 172 2480 1⁸.
190 2454 340 2482 noce-not
357 2451 468 2480 vivum
489 2452 522 2480 vi
544 2455 573 2481 S.
656 2456 697 2481 19.
718 2454 930 2483 defenderent
949 2456 979 2484 S.
1058 2458 1101 2484 20.
1121 2459 1155 2484 at
1174 2457 1341 2491 Hotoman,
1365 2466 1402 2486 ac
1427 2460 1457 2486 C.
1540 2462 1582 2486 21.
1603 2460 1643 2487 ad
1663 2461 1768 2496 Pmyss,

128 2506 205 2534 onte
229 2505 260 2534 0.
332 2508 375 2534 22.
394 2513 452 2535 sex
470 2507 506 2541 P,
530 2509 564 2535 et
582 2508 613 2541 S,
637 2515 672 2536 se
692 2510 725 2536 et
744 2509 787 2536 M.

177 2643 200 2679 5
235 2642 315 2678 Sed
352 2644 388 2679 ei
414 2644 453 2679 in
494 2644 639 2681 iudicio
679 2649 771 2681 etc:
810 2645 910 2682 Cic.
984 2649 1049 2694 203
1076 2649 1214 2686 Suet.
1245 2652 1347 2687 Caes.
1375 2653 1535 2698 413Dio
1557 2654 1688 2690 XLIII
1706 2655 1770 2700 253

127 2701 181 2739 ad
204 2701 284 2739 Aa.
302 2701 355 2738 IV
377 2702 432 2750 15,
454 2705 495 2750 ’ῖς
520 2704 573 2740 ad
602 2705 641 2747 Q.
668 2705 724 2750 fr.
746 2705 805 2741 III
825 2707 858 2751 8,
876 2707 910 2742 3.
985 2709 1111 2746 Gell.
1141 2711 1230 2747 XIV
1257 2714 1290 2748 2.

175 2761 198 2797 8
240 2762 403 2798 crimine
442 2763 735 2809 impudicitiae:
778 2765 908 2801 Plut.
1031 2770 1077 2805 23
1104 2771 1153 2806 M.
1185 2772 1344 2809 Cicero:
1383 2773 1482 2810 Cic.
1521 2775 1574 2810 ad
1600 2776 1677 2810 ΑΗ.
1716 2777 1769 2812 IV

127 2821 264 2867 Pomp.
290 2820 348 2867 42,
369 2821 392 2857 6
418 2823 470 2867 (ἐν
491 2823 727 2866 δ’ἐπιστολαῖς
754 2826 909 2869 Κικέρω-
984 2835 1039 2881 15,
1065 2836 1105 2881 93
1131 2837 1184 2872 ad
1213 2838 1252 2879 Q,
1279 2836 1335 2881 fr,
1362 2837 1400 2873 11
1427 2838 1483 2884 15,
1510 2841 1542 2874 3,

126 2891 186 2923 νος
210 2881 234 2925 ἦ
260 2879 356 2916 αἰτία
380 2883 602 2926 γέγραπται)
1029 2896 1148 2931 23-24
1172 2896 1263 2943 Ipse
1290 2908 1449 2943 quoque
1475 2898 1648 2935 Scaurus
1675 2902 1768 2935 etc.:

176 2941 223 2976 14
247 2944 452 2987 quaestor:
477 2952 512 2977 a·
539 2942 596 2978 54-
985 2955 1083 2992 cie.
1110 2957 1163 2992 ad
1188 2957 1266 2993 Λή.
1290 2958 1342 2993 1v
1365 2959 1420 3004 16,
1447 2959 1613 3004 6;Va1.
1641 2959 1767 2997 Max.

173 3000 218 3038 21
244 3001 377 3050 legem
398 3001 559 3039 Iuliam:
586 3001 683 3040 Cic.
711 3004 813 3040 Phil.
842 3004 910 3042 18.
984 3015 1078 3054 VI11
1105 3017 1123 3053 1
1151 3018 1239 3055 Abs,
1267 3019 1324 3056 10,
