2300 3528
781 244 836 283 IN
862 243 1238 282 CORNELIANAM
1784 242 1832 277 65

185 346 298 387 mox
329 354 426 386 non
443 341 752 385 desisterent.
835 354 980 397 quam
1018 341 1284 398 perniciem
1327 341 1414 384 vix
1457 340 1731 395 effugerunt
1761 339 1829 382 in-

184 422 410 465 terventu
436 420 690 463 consulum
723 420 804 475 qui
837 420 1058 463 advocati
1092 432 1173 462 reo
1206 419 1567 462 descenderant.
1641 420 1689 460 et
1720 429 1829 460 cum

182 497 420 542 'in-scalas
440 497 671 553 quasdam
705 496 908 540 Cominii
935 497 1179 552 fugissent,
1213 497 1363 540 clausi
1387 497 1436 538 in
1459 498 1648 539 noctem
1681 495 1747 537 ibi
1780 507 1830 537 se

185 575 563 630 occultaverunt,
596 575 770 618 deinde
802 588 889 631 per
921 577 1046 618 tecta
1077 575 1350 618 vicinarum
1383 574 1577 618 aedium
1609 573 1829 629 profuge-

125 659 148 695 5
184 656 298 699 runt
327 665 390 698 ex
426 654 558 697 urbe.
641 656 828 709 postero
876 654 966 708 die,
1015 666 1125 696 curn
1167 653 1218 696 L.
1261 652 1451 696 Cassius
1491 652 1752 695 adsedisset
1785 655 1832 693 et

184 732 319 776 citati
349 733 652 776 accusatores
672 743 767 774 non
794 732 1026 785 adessent,
1050 733 1328 786 exemptum
1351 743 1526 773 nomen
1554 732 1624 772 est
1644 730 1703 772 de
1737 729 1831 772 reis

184 808 403 864 Corneli3
435 808 639 852 Cominii
673 812 834 852 autem
868 821 1044 864 magna
1075 809 1276 852 infamia
1307 809 1639 863 flagraverunt
1664 807 1830 850 vendi-

184 888 309 932 disse
339 887 583 931 silentium
616 900 793 943 magna
823 888 1042 943 pecunia.

272 964 511 1021 Sequente
543 965 716 1008 deinde
763 977 888 1007 anno
934 965 985 1007 L.
1021 964 1157 1007 Cotta
1203 965 1255 1008 L.
1289 965 1527 1020 Torquato
1574 975 1704 1019 coss„
1737 975 1830 1019 quo

101 1044 148 1090 10
183 1044 306 1105 haec
336 1043 488 1086 oratio
521 1056 550 1086 a
581 1042 811 1086 Cicerone
859 1046 1087 1098 praetura
1137 1054 1298 1097 nuper
1344 1045 1542 1098 peracta
1585 1042 1714 1085 dicta
1746 1045 1829 1095 est,

183 1134 295 1166 cum
315 1122 344 1175 †
363 1123 522 1179 prima
542 1134 654 1178 pars
663 1155 776 1165 ......
825 1121 1061 1176 Manilius,
1081 1122 1163 1177 qui
1190 1122 1423 1164 iudicium
1456 1133 1543 1176 per
1575 1132 1830 1176 operarum

182 1200 330 1244 duces
379 1200 673 1254 turbaverat,
721 1199 910 1253 deinde,
958 1199 1084 1254 quod
1132 1211 1193 1242 ex
1241 1198 1284 1241 S.
1332 1197 1381 1241 C.
1430 1199 1570 1241 ambo
1613 1197 1831 1240 consules

178 1278 460 1333 praesentes
508 1278 655 1321 erant
699 1278 747 1320 et
790 1277 1128 1333 praesidebant
1171 1277 1215 1319 ei
1258 1277 1449 1331 iudicio,
1499 1288 1594 1318 non
1639 1287 1829 1331 respon-

182 1357 328 1400 disset
355 1355 617 1412 absensque
658 1358 781 1398 esset
823 1355 1089 1410 damnatus,
1123 1355 1366 1398 recreavit
1402 1367 1451 1397 se
1499 1353 1546 1397 C.
1585 1353 1831 1397 Cominius

98 1448 146 1486 15
181 1436 239 1479 ut
267 1433 526 1490 infamiam
564 1436 790 1490 acceptae
821 1434 1054 1489 pecuniae
1092 1434 1294 1487 tolleret,
1337 1445 1395 1476 ac
1426 1433 1626 1486 repetiit
1656 1431 1829 1475 Corne-

181 1513 302 1557 lium
344 1512 452 1568 lege
499 1512 775 1557 maiestatis.
854 1523 930 1554 res
978 1514 1086 1554 acta
1133 1514 1204 1554 est
1250 1523 1427 1566 magna
1458 1511 1828 1566 exspectatione.

182 1602 359 1648 paucos
389 1592 550 1634 autem
577 1602 603 1633 e
634 1589 887 1635 comitibus
909 1588 1158 1632 Cornelius
1189 1589 1473 1644 perterritus
1503 1588 1668 1631 Manili
1697 1589 1830 1631 exitu

181 1668 370 1713 recenti
399 1668 450 1712 in
482 1668 716 1711 iudicium
748 1668 982 1722 adhibuit,
1011 1671 1062 1710 ut
1087 1680 1148 1710 ne
1181 1667 1364 1710 clamor
1396 1667 1590 1722 quidem
1618 1667 1744 1709 ullus
1770 1667 1830 1709 ab

180 1732 430 1791 advocatis
460 1747 564 1790 eius
595 1747 815 1790 oriretur.

97 1845 146 1883 20
270 1825 512 1870 Dixerunt
551 1825 602 1868 in
632 1837 766 1868 eum
808 1824 968 1867 infesti
1010 1824 1282 1867 testimonia
1322 1824 1564 1880 principes
1606 1823 1830 1878 civitatis,

270 1925 421 1956 &clausi
439 1926 622 1960 Manutius,
644 1925 755 1954 clauso
780 1926 810 1954 C.
901 1928 926 1952 4.
947 1924 1054 1953 edium
1075 1925 1110 1959 P,
1134 1932 1192 1953 om.
1211 1924 1287 1953 SM.
1378 1926 1403 1952 5.
1423 1923 1458 1951 L.
1478 1932 1542 1959 eqo,
1565 1923 1600 1951 P.
1620 1925 1686 1958 SP,
1710 1931 1767 1952 om.
1787 1925 1832 1951 M.

175 1984 207 2012 2.
225 1987 291 2021 eos.
308 1982 344 2010 Ρ.
452 1983 495 2018 10.
513 1981 667 2022 praetura
685 1987 786 2015 nuper
810 1981 944 2014 peracta
968 1979 1283 2014 Kiessliny-Schoell‚
1317 1982 1443 2020 sitm?
1463 1981 1591 2013 pretore
1610 1979 1647 2012 P,
1678 1980 1831 2013 praetura

180 2055 189 2076 τ
197 2056 313 2065 .......
331 2036 482 2071 praetore
502 2035 533 2068 S,
563 2054 695 2062 ........
723 2035 850 2068 pretore
871 2034 914 2060 M.
989 2034 1084 2060 11-12.
1109 2033 1214 2068 prima
1233 2039 1308 2068 pars
1327 2052 1424 2060 ......
1443 2031 1599 2060 Manilius
1618 2032 1694 2066 SM,
1726 2032 1830 2066 prima

179 2097 256 2126 pars
273 2089 316 2118 M.
332 2088 489 2118 Manilius
506 2089 543 2123 P,
566 2087 705 2123 primum
726 2086 930 2122 apparuisset
950 2086 1035 2115 Man.
1055 2087 1219 2122 Siyonius,
1250 2087 1355 2121 prima
1373 2088 1465 2121 parte
1485 2085 1563 2114 anni
1583 2085 1615 2113 C.
1635 2085 1721 2114 Man.
1740 2086 1830 2113 Mact-

179 2145 241 2181 vt‘y,
262 2143 403 2180 primum
422 2142 593 2180 effugisset
619 2141 803 2170 maiestatis
832 2140 1074 2170 accusationem
1103 2140 1198 2175 Man„
1228 2140 1304 2175 quia
1324 2140 1344 2168 i.
1364 2148 1393 2175 p.
1413 2147 1440 2168 o.
1461 2140 1489 2168 d.
1509 2139 1662 2168 similiter
1681 2139 1829 2168 turbave-

179 2199 232 2227 rat
248 2198 435 2231 Mommsen,
457 2196 596 2232 primum
616 2195 687 2231 pari
713 2194 807 2223 modo
837 2194 990 2223 elusisset
1018 2193 1259 2223 accusationem
1290 2194 1420 2230 collega
1448 2192 1577 2222 Corneli
1598 2192 1629 2221 C.
1650 2193 1734 2221 Man.
1753 2193 1829 2228 quia

178 2253 240 2281 etc.
258 2250 571 2287 Kimliny-Schoen.
627 2249 810 2285 operarium
831 2250 875 2277 Μ.
980 2251 1022 2277 12.
1043 2248 1140 2276 duces
1159 2249 1260 2283 Pm92,
1284 2247 1408 2276 iudices
1427 2248 1509 2282 PM,
1596 2248 1624 2275 S.
1682 2247 1829 2276 turbave-

178 2307 231 2335 rat
247 2306 342 2340 Pus,
363 2305 554 2335 ...baverat
573 2305 638 2332 SP.
694 2303 768 2332 dein
789 2304 823 2331 P.
879 2302 974 2331 ambo
991 2303 1119 2338 Popma,
1143 2309 1227 2330 anno
1247 2302 1278 2330 C.
1352 2304 1449 2329 12-13.
1470 2301 1621 2330 consules
1639 2303 1828 2336 praesentes

179 2361 273 2389 erant
291 2361 326 2389 et
341 2358 574 2396 praesidebant
596 2358 700 2391 Clark,
723 2364 810 2386 cons.
830 2376 1015 2387 ...........
1035 2356 1266 2391 praesidebant
1288 2357 1318 2389 S,
1344 2363 1398 2384 cos
1401 2375 1553 2384 .........
1567 2355 1776 2390 presidebant
1789 2356 1824 2387 Ρ,

179 2413 330 2443 consules
346 2412 578 2449 praesidebant
596 2413 640 2440 M.
708 2411 738 2440 ei
759 2411 1074 2452 Kiessliny-Schoell,
1099 2412 1131 2438 et
1156 2411 1187 2438 C.
1291 2412 1387 2437 13-14.
1408 2409 1628 2445 respondisset
1647 2409 1827 2444 absensque

177 2466 492 2502 Kissslina-Schocll,
520 2464 671 2501 respondi
683 2483 832 2493 .........
843 2463 863 2500 εἶ
883 2465 913 2497 S,
937 2463 1104 2498 respondis
1115 2483 1263 2492 .........
1274 2470 1336 2498 que
1356 2463 1391 2496 P,
1424 2462 1575 2497 respondi
1595 2464 1692 2497 atque
1712 2463 1756 2496 M,
1781 2470 1828 2490 re-

177 2520 363 2557 spondisset
379 2521 477 2556 atque
489 2520 539 2548 P2.
595 2521 691 2547 14-15.
712 2517 874 2548 recreavit
893 2525 928 2546 se
950 2514 1080 2554 (C.'add.
1094 2525 1167 2552 eqo:
1188 2517 1244 2553 err.
1268 2517 1345 2546 Cic.
1359 2517 1455 2544 Brut.
1472 2517 1526 2550 78,
1545 2516 1627 2549 271,·
1650 2516 1824 2550 Quint.lV‚

177 2576 210 2610 4,
229 2574 263 2609 8)
278 2573 444 2603 Cominius
456 2575 492 2602 ut
504 2573 674 2602 infamiam
689 2574 842 2607 acceptae
856 2571 1014 2607 pecuniae
1029 2570 1159 2600 tolleret
1173 2579 1212 2599 ac
1226 2570 1359 2606 repetiit
1371 2571 1685 2606 Kiessliny-Sclaoell,
1703 2578 1827 2598 recrea-

176 2628 280 2667 visset
301 2628 375 2664 (lac.
397 2628 416 2656 9
435 2627 590 2662 litt.PM)
611 2626 678 2655 iam
697 2627 833 2660 accepta
852 2624 990 2660 pecunia
1010 2625 1125 2653 tollere
1146 2626 1178 2653 et
1199 2624 1260 2660 (ait
1278 2624 1361 2658 PM)
1384 2644 1514 2652 ........
1540 2624 1570 2651 C.
1645 2626 1686 2651 16.
1706 2631 1827 2658 magna

177 2690 235 2711 om.
255 2682 285 2710 S.
395 2682 437 2709 17.
457 2683 564 2710 autem
586 2688 603 2710 e
624 2680 796 2709 comitibus
825 2680 947 2714 scariot,
980 2680 1056 2707 ante
1087 2677 1141 2714 (an
1161 2679 1195 2714 S)
1226 2686 1277 2707 me
1306 2685 1348 2715 go
1361 2698 1475 2707 .......
1499 2678 1530 2706 C.
1640 2680 1682 2705 18.
1703 2677 1825 2706 recenti

177 2735 490 2771 Kiusliny-Schoeu,
512 2743 569 2764 om.
594 2736 624 2764 C.
680 2735 766 2763 ullus
786 2734 969 2767 Manutius,
992 2733 1082 2762 illius
1107 2734 1137 2762 C.

224 2819 297 2856 2-3
314 2823 354 2855 et
369 2819 513 2855 cumin
528 2819 656 2855 scalas
674 2818 866 2865 quasdam
887 2822 960 2853 etc.
1084 2817 1130 2852 16
1156 2827 1218 2853 res
1245 2820 1335 2852 acta
1361 2821 1421 2852 est
1446 2826 1597 2863 magna
1619 2819 1824 2861 exspecta-

178 2879 246 2915 cfr.
272 2877 371 2916 Cic.
391 2889 470 2925 pro
498 2878 616 2915 Corn.
641 2877 660 2914 I
686 2878 730 2914 fr.
758 2878 886 2913 11-13.
1037 2877 1164 2913 tione:
1191 2877 1307 2912 Tac.
1335 2876 1427 2912 dial.
1454 2876 1511 2911 39.

224 2939 269 2975 11
297 2939 365 2985 qui
378 2938 567 2974 iudicium
582 2937 779 2974 etc.:Dio
794 2936 963 2972 XXXVI
1084 2937 1131 2972 20
1156 2936 1355 2972 Dixerunt
1388 2937 1428 2971 in
1462 2946 1553 2972 eum
1582 2939 1678 2971 etc.:
1715 2935 1821 2971 Val.

126 3027 129 3030 >
175 2999 234 3036 44.
1037 2997 1168 3034 Max.
1195 2996 1289 3032 VIII
1316 2997 1348 3041 ἴ),
1375 2996 1408 3031 4.

324 3118 355 3151 Q.
375 3118 507 3146 Asconii
526 3117 664 3145 Pediani
677 3118 799 3146 comm.
1656 3104 1678 3139 9

1870 347 1969 384 600

1870 1054 1915 1088 53
1933 1051 2002 1088 KS

1869 1135 1916 1170 60
1934 1135 1969 1169 R
