2300 3528
757 255 812 292 IN
839 255 1215 292 CORNELIANAM
1763 256 1807 293 79

140 387 143 390 ,
166 351 220 394 111
249 353 351 394 111111
383 351 591 408 denique
614 353 673 395 de
700 365 758 395 ea
783 365 836 395 re
859 352 902 396 S.
926 351 974 395 C.
999 353 1148 407 fieret,
1172 366 1281 396 cum
1305 355 1526 397 adessent
1557 354 1606 396 in
1639 357 1807 396 senatu

164 440 261 472 11011
292 429 451 472 111111118
482 427 569 472 CC.
649 429 770 472 haec
802 433 872 472 est
903 430 988 472 illa
1019 443 1163 486 quam
1197 432 1408 487 appellat
1439 431 1687 474 correctio.

252 505 427 561 Idem,
458 507 584 550 ‘nisi
614 507 753 550 haec
785 508 904 563 ipsa
935 509 1030 551 lex
1062 521 1224 563 quam
1258 508 1313 552 C.
1348 508 1646 552 Cornelius
1677 509 1810 551 tulit

163 584 524 639 obstitisset,
572 585 975 629 decrevissent
1007 586 1060 628 id
1109 587 1262 641 quod
1310 587 1506 642 palam
1555 587 1664 629 iam
1710 586 1808 629 isti

163 661 522 706 defensores
563 663 947 706 iudiciorum
991 668 1409 719 pugnaverunt,
1442 665 1662 707 senatui
1703 677 1808 706 non

119 783 123 786 Δ
163 739 402 796 placere
434 740 491 783 id
523 741 818 783 iudicium
856 742 920 783 de
953 741 1146 796 Syllae
1189 743 1353 785 bonis
1390 743 1552 785 fieri.
1647 754 1807 796 quam

81 1059 128 1096 10

81 1449 127 1486 15

164 829 268 874 ego
299 829 532 861 causam
569 819 743 874 longe
791 819 965 861 aliter
1011 824 1242 874 praetor
1288 820 1346 862 in
1394 820 1676 862 contione
1709 820 1808 862 de—

165 895 344 951 fendi,
377 907 503 939 cum
553 897 606 939 id
654 896 918 939 dicerem
967 897 1120 952 quod
1169 898 1322 940 idem
1356 898 1579 940 iudices
1615 889 1810 952 poste'a

163 975 536 1029 statuerunt,
599 974 894 1017 iudicium
958 975 1248 1030 aequiore
1312 978 1588 1031 tempore
1651 975 1809 1018 fieri

164 1053 447 1107 oportere.

253 1126 379 1182 Quia
410 1128 630 1172 defuerat
655 1129 981 1185 superioribus
1007 1130 1302 1185 temporibus
1324 1131 1372 1172 in
1395 1130 1583 1174 aerario
1606 1130 1811 1185 pecunia

162 1206 371 1263 publica,
404 1207 557 1250 multa
588 1209 636 1250 et
666 1220 808 1262 saepe
841 1208 944 1250 eius
977 1208 1047 1250 rei
1074 1208 1290 1251 remedia
1321 1211 1459 1251 erant
1491 1208 1726 1263 quaesita3
1760 1208 1809 1250 in

163 1284 338 1340 quibus
373 1285 464 1328 hoc
511 1297 715 1340 quoque,
764 1288 816 1328 ut
862 1286 1097 1341 pecuniae
1145 1286 1367 1341 publicae
1415 1298 1538 1340 quae
1590 1286 1809 1328 residuae

163 1362 290 1419 apud
323 1375 562 1418 quemque
590 1366 759 1417 essent,
783 1363 1108 1418 exigerentur.
1173 1364 1220 1406 id
1243 1366 1404 1406 autem
1432 1364 1643 1406 maxime
1666 1364 1808 1419 perti-

164 1440 310 1484 nebat
349 1440 411 1483 ad
452 1439 727 1484 Cornelium
768 1441 997 1484 Faustum
1040 1441 1287 1484 dictatoris
1330 1441 1495 1495 filium,
1533 1442 1647 1496 quia
1678 1441 1811 1495 Sylla

164 1529 252 1574 per
282 1518 455 1562 multos
486 1531 648 1574 annos,
676 1519 849 1573 quibus
871 1519 1166 1562 exercitibus
1187 1520 1463 1575 praefuerat
1489 1523 1537 1562 et
1567 1532 1660 1574 quo
1693 1522 1808 1562 tem-

163 1608 279 1652 pore
311 1608 414 1639 rem
451 1609 494 1652 p.
538 1599 772 1652 tenuerat,
815 1601 1085 1653 sumpserat
1126 1598 1354 1652 pecunias
1392 1611 1453 1641 ex
1491 1598 1810 1653 vectigalibus

165 1676 214 1718 et
243 1686 306 1718 ex
337 1674 524 1717 aerario
557 1675 719 1730 populi
752 1675 828 1728 R.;
863 1687 1014 1730 eaque
1042 1688 1118 1718 res
1138 1688 1280 1731 saepe
1307 1679 1411 1718 erat
1442 1676 1635 1731 agitata,
1668 1688 1810 1730 saepe

165 1751 339 1795 omissa
369 1752 543 1807 partim
577 1754 772 1807 propter
802 1753 1006 1807 gratiam
1039 1752 1346 1807 Syllanarum
1378 1754 1601 1808 partium,
1635 1753 1809 1808 partim

165 1829 292 1885 quod
325 1829 543 1885 iniquum
583 1830 840 1872 videbatur
881 1834 986 1886 post
1029 1833 1096 1873 tot
1138 1843 1380 1873 annorum
1412 1831 1727 1874 intervallum
1762 1833 1812 1874 ut

165 1919 310 1963 quam
342 1906 449 1962 quis
479 1907 736 1962 pecuniam
769 1910 1024 1963 acceperat
1049 1908 1076 1959 †
1108 1920 1278 1963 resque
1290 1941 1448 1951 .......
1484 1909 1707 1951 redderet
1739 1920 1810 1951 ra-

165 1985 359 2028 tionem.

878 2045 1100 2088 STATIM

253 2140 444 2184 Antea
499 2153 644 2183 vero
707 2153 878 2195 quam
943 2141 1269 2183 multarum
1328 2154 1522 2184 rerum
1581 2142 1813 2184 iudicia

165 2219 412 2262 sublata
444 2219 576 2272 sint,
626 2221 682 2261 et
719 2219 860 2273 quia
891 2219 1057 2262 scitis
1104 2222 1413 2274 praetereo
1452 2223 1510 2262 et
1547 2232 1614 2262 ne
1648 2232 1811 2274 quem

166 2296 225 2339 in
256 2296 552 2339 iudicium
586 2296 779 2339 oratio
813 2309 941 2339 mea
974 2309 1270 2339 revocare
1304 2297 1607 2340 videatur.

255 2373 386 2416 Bello
419 2373 600 2428 Italico,
634 2374 759 2429 quod
793 2374 882 2416 fuit
914 2374 1303 2417 adulescentibus
1329 2375 1424 2417 illis
1450 2375 1532 2429 qui
1559 2378 1659 2417 tum
1685 2375 1733 2417 in
1762 2387 1813 2418 re

167 2464 211 2508 p.
244 2451 488 2507 vigebant,
511 2465 621 2495 cum
645 2453 783 2495 multi
807 2451 954 2494 Varia
974 2452 1080 2507 lege
1105 2453 1267 2508 inique
1292 2453 1650 2508 damnarentur,
1678 2454 1813 2508 quasi

258 2608 282 2633 1.
301 2606 337 2632 ut
356 2612 427 2633 cum
447 2607 478 2634 S.
564 2608 588 2633 2.
608 2605 656 2634 CC
675 2606 858 2638 Manutius,
882 2608 914 2633 et
939 2607 968 2633 C.
1025 2608 1074 2634 est
1092 2606 1276 2639 Manutius,
1301 2610 1332 2634 et
1357 2609 1386 2634 C.
1470 2609 1494 2634 3.
1514 2606 1578 2634 nisi
1599 2607 1679 2641 Acd„
1703 2615 1760 2634 om.
1784 2609 1814 2635 C.

167 2679 192 2704 4.
213 2648 434 2717 decrevisnefft
452 2677 486 2705 P.
560 2679 601 2706 15.
621 2677 690 2706 filiu
704 2679 784 2711 ΡΜ,
808 2697 975 2705 ..........
987 2679 1016 2706 S.
1091 2681 1187 2705 16-17.
1208 2680 1241 2706 01
1255 2686 1316 2713 quo
1332 2681 1474 2713 tempore
1490 2681 1519 2712 S,
1544 2681 1575 2707 et
1590 2680 1625 2712 P,
1648 2681 1683 2706 et
1697 2686 1757 2719 quo
1773 2680 1814 2706 M.

167 2750 210 2775 19.
230 2748 371 2783 gratiam
390 2756 448 2776 om.
468 2748 544 2777 PM.
568 2784 570 2786 Ι
599 2721 797 2789 syllangrum
820 2751 848 2777 S.
904 2750 1021 2784 partim
1042 2751 1122 2782 PM,
1145 2770 1330 2778 ...........
1352 2752 1380 2778 S.
1461 2753 1503 2778 20.
1525 2753 1572 2778 tot
1591 2758 1746 2778 annorum
1770 2750 1815 2777 in-

169 2801 341 2830 tervallum
362 2803 482 2838 Stanql,
508 2805 575 2831 tota
588 2823 899 2831 ..................
914 2805 944 2837 S,
969 2806 1036 2832 tota
1056 2811 1158 2832 anuos
1178 2823 1323 2831 ........
1320 2805 1333 2830 ἲ
1332 2806 1355 2834 Ι,
1390 2806 1437 2832 101
1459 2812 1561 2832 annos
1581 2806 1622 2831 Ρ2
1642 2805 1677 2831 in
1698 2805 1815 2831 lacuna

169 2856 207 2882 18
227 2855 286 2883 liu.
305 2855 415 2883 relicta
435 2864 454 2883 a
472 2856 578 2891 prima
599 2865 706 2885 manu.
815 2860 857 2884 21.
877 2865 972 2891 quam
994 2857 1066 2892 quis
1086 2857 1167 2888 Ald..
1191 2865 1286 2891 quam
1308 2858 1360 2892 qui
1387 2859 1416 2886 C.
1476 2865 1590 2892 resque
1612 2877 1814 2885 ............

168 2909 239 2944 (lac.
259 2909 306 2937 20
325 2909 384 2937 liet.
404 2910 437 2941 S)
463 2911 495 2943 C,
527 2910 755 2945 residuumque
778 2911 862 2945 apud
883 2919 917 2939 se
937 2910 1088 2945 habebat,
1108 2911 1177 2940 eius
1198 2913 1381 2945 Mommsen,
1415 2911 1564 2940 residuae
1594 2911 1664 2939 eius
1694 2913 1813 2946 Stanyl.

167 2965 211 2991 23.
231 2971 288 2992 om.
308 2965 351 2992 M.
424 2966 466 2991 24.
487 2963 609 2992 iudicia
627 2965 708 2999 PM,
832 2967 860 2993 S.
937 2967 979 2993 25.
999 2965 1108 2993 scistis
1129 2966 1251 2993 S2PM.
1307 2968 1475 3001 praetereo
1496 2965 1677 2999 Manutius,
1702 2966 1815 3001 pr(a)e-

169 3019 260 3047 terea
283 3018 313 3047 C.
370 3020 404 3046 ut
423 3025 463 3047 110
483 3019 562 3047 ΡΜ.

1847 359 1942 396 730

1848 1425 1893 1459 58
1908 1425 1939 1459 S

1846 1473 1892 1508 65
1912 1472 1981 1508 KS

1850 1839 1944 1874 7313
