2320 3536
1842 254 1905 331 §N

800 834 1293 900 PRAEFATIO

330 1265 554 1332 Reperti
581 1268 708 1316 sunt
732 1264 958 1314 Asconii
997 1264 1228 1314 Pediani
1254 1266 1634 1325 commentarii
1659 1268 1870 1314 aestate

223 1357 355 1406 anni
398 1357 532 1406 1416
572 1372 606 1404 a
643 1354 933 1404 Francisco
973 1354 1184 1419 Poggio
1235 1354 1552 1404 Florentino
1592 1356 1648 1402 in
1687 1370 1868 1403 mona-

223 1447 386 1509 sterio
437 1445 626 1496 Sancti
673 1445 819 1495 Galli
867 1461 1030 1511 prope
1080 1444 1477 1494 Constantiam.
1561 1460 1685 1493 cum
1724 1446 1870 1493 enim

223 1534 458 1586 Ioannes
503 1534 702 1585 XXIII
753 1538 902 1601 pont.
954 1551 1097 1584 max.
1147 1551 1332 1584 mense
1381 1533 1601 1583 Octobri
1641 1550 1687 1584 a.
1735 1536 1871 1583 1414
1909 1595 1911 1597 ,

223 1625 606 1676 Constantiam
643 1625 915 1692 profectus
950 1623 1096 1674 esset
1134 1625 1204 1674 ad
1241 1625 1544 1691 plenarium
1583 1626 1870 1673 universae

222 1715 499 1766 Ecclesiae
525 1716 816 1766 concilium
842 1715 1268 1776 convocandum,
1297 1715 1487 1764 eodem
1513 1717 1755 1780 tempore
1782 1715 1869 1764 vel

172 1797 176 1800 ’
221 1805 383 1872 paulo
420 1809 544 1872 post
581 1822 643 1855 eo
682 1823 738 1855 se
776 1784 1009 1855 contulit
1034 1805 1277 1870 Poggius
1303 1821 1427 1854 cum
1465 1804 1741 1854 nonnullis
1768 1805 1870 1853 col-

222 1894 360 1959 legis
397 1911 431 1944 a
467 1894 748 1944 Romanae
786 1895 1062 1944 Ecclesiae
1100 1894 1448 1960 principibus,
1526 1897 1585 1942 at
1622 1897 1744 1959 post
1794 1895 1870 1944 fu-

222 1967 351 2050 gam
376 1983 598 2034 Ioannis
625 1984 824 2034 XXIII
844 1985 1087 2050 Poggius
1115 1987 1333 2050 eiusque
1354 1986 1517 2033 amici
1540 1986 1597 2032 in
1623 1983 1869 2049 plurimis

222 2073 435 2125 Galliae
473 2074 904 2140 Germaniaeque
943 2074 1287 2124 bibliothecis
1339 2089 1548 2123 summo
1589 2073 1766 2141 studio
1807 2088 1869 2121 ac

221 2162 511 2229 diligentia
558 2164 931 2230 perquirendis
982 2167 1095 2214 otia
1150 2166 1618 2231 consumpserunt,
1670 2179 1793 2211 cum
1843 2178 1871 2210 e

221 2252 573 2304 barbarorum
617 2254 921 2319 ergastulis,
970 2258 1031 2303 ut
1070 2256 1173 2320 ipsi
1212 2253 1448 2315 aiebant,
1495 2255 1742 2302 auctores
1782 2268 1871 2301 an-

221 2345 400 2410 tiquos
450 2344 726 2394 vindicare
775 2344 1068 2410 latinisque
1117 2346 1284 2393 musis
1333 2345 1618 2393 restituere
1668 2342 1872 2391 vellent

222 2430 334 2488 (cir.
374 2433 445 2484 R.
488 2434 902 2495 Sabbadini‚
942 2435 1016 2484 Le
1052 2438 1285 2498 scoperte
1324 2435 1410 2484 dei
1448 2433 1618 2484 codici
1655 2433 1812 2483 latini
1844 2446 1872 2487 e

218 2523 364 2587 yreci
397 2525 481 2574 ἥθ’
504 2525 664 2575 secoli
700 2535 802 2570 XIV
835 2540 862 2573 e
909 2534 1001 2585 XV,
1042 2523 1285 2585 Firenze,
1332 2525 1486 2585 1905,
1526 2540 1576 2590 p.
1612 2524 1677 2572 76
1719 2523 1868 2590 sqq.).

330 2612 413 2662 De
450 2612 688 2664 Asconio
715 2616 939 2663 invento
966 2616 1080 2679 ipse
1118 2614 1361 2678 Poggius
1400 2615 1457 2670 in
1485 2614 1770 2662 notissima
1802 2612 1870 2661 ad

222 2701 523 2753 Guarinum
567 2703 938 2754 Veronensem
995 2703 1227 2769 epistula
1275 2705 1355 2752 ita
1400 2703 1663 2768 loquitur:
1722 2721 1744 2747 ‹<
1771 2701 1871 2750 Est

223 2795 406 2842 autem
443 2795 833 2843 monasterium
860 2792 912 2842 S.
941 2792 1087 2842 Galli
1113 2809 1277 2859 prope
1307 2792 1498 2842 urbem
1535 2792 1677 2841 hanc
1718 2791 1870 2840 milia

224 2897 478 2948 passuum
498 2882 623 2932 XX.
698 2885 880 2948 itaque
906 2882 1154 2932 nonnulli
1182 2884 1351 2931 animi
1378 2881 1600 2931 laxandi
1629 2885 1683 2930 et
1711 2880 1869 2929 simul

222 2971 701 3038 perquirendorum
751 2971 1027 3034 librorum,
1077 2987 1304 3037 quorum
1342 2988 1574 3036 magnus
1615 2987 1869 3020 numerus
