2300 3528
558 266 613 303 IN
640 266 944 303 ORATIONEM
972 266 1025 302 IN
1051 264 1193 302 TOGA
1219 264 1458 301 CANDIDA
1784 260 1831 294 99

188 369 250 422 et,
281 366 320 410 si
352 377 496 422 quem
529 365 674 408 etiam
707 364 1070 417 interfecissent,
1099 362 1377 418 imperatori
1410 374 1467 404 ac
1499 359 1719 404 dictatori
1753 371 1833 413 pa·

188 444 340 488 ruisse
371 443 603 497 dicerent,
636 455 693 486 ac
726 455 903 497 negare
937 454 1124 497 quoque
1154 441 1358 494 possent.
1428 439 1683 482 Catilinam
1718 448 1833 479 vero

187 521 385 566 infitiari
417 533 513 564 non
545 533 693 575 posse.
778 521 918 563 huius
950 522 1111 562 autem
1143 518 1360 560 criminis
1392 517 1675 572 periculum,
1709 515 1834 569 quod

188 600 335 644 obicit
355 598 537 654 Cicero,
559 611 736 654 paucos
755 602 859 654 post
881 610 1067 641 menses
1089 596 1296 640 Catilina
1317 596 1475 638 subiit.
1539 598 1642 650 post
1664 595 1836 636 effecta

127 682 151 718 5
188 677 317 720 enim
335 676 530 719 comitia
552 676 823 718 consularia
842 678 890 717 et
906 674 1141 718 Catilinae
1165 674 1406 728 repulsam
1430 673 1544 715 fecit
1565 684 1675 714 eum
1699 683 1834 713 reum

187 755 315 798 inter
357 754 554 797 sicarios
585 753 635 796 L.
669 753 916 807 Lucceius,
959 754 1154 807 paratus
1196 751 1520 805 eruditusque,
1554 750 1635 805 qui
1674 754 1837 804 postea

171 823 488 875 'consulatum
520 843 710 886 quoque
742 830 891 886 petiit.

277 909 444 952 Hanc
475 911 536 951 tu
567 908 756 951 habes
788 908 1159 962 dignitatem
1191 919 1305 962 qua
1346 906 1547 949 fretus
1580 918 1668 948 me
1701 917 1834 947 con-
1873 909 2005 946 8211'8

187 987 392 1031 temnis
433 989 488 1029 et
534 986 801 1041 despicis,
851 998 918 1027 an
967 997 1086 1027 eam
1135 997 1297 1039 quam
1345 985 1566 1038 reliqua
1612 983 1732 1026 vita
1779 994 1836 1023 es

104 1074 151 1110 10
186 1063 560 1108 consecutus?
623 1075 747 1106 cum
781 1063 860 1105 ita
892 1062 1092 1105 vixisti
1128 1065 1185 1103 ut
1216 1074 1323 1103 non
1358 1064 1508 1104 esset
1540 1062 1693 1103 locus
1726 1063 1835 1102 tam

186 1145 416 1188 sanctus
462 1154 567 1197 quo
615 1154 722 1183 non
769 1141 1046 1184 adventus
1094 1143 1241 1194 tuus,
1288 1140 1458 1181 etiam
1501 1151 1622 1182 cum
1670 1138 1837 1192 culpa

187 1220 347 1265 nulla
377 1220 654 1273 subesset,
688 1218 905 1261 crimen
937 1217 1196 1260 afferret.

276 1297 429 1341 Fabia
459 1297 599 1352 virgo
632 1296 838 1339 Vestalis
869 1307 1063 1338 causam
1097 1295 1266 1337 incesti
1300 1294 1503 1348 dixerat,
1530 1306 1641 1336 cum
1674 1294 1718 1336 ei
1751 1292 1835 1336 Ca·
1876 1300 1922 1335 93
1938 1301 1974 1335 R

187 1376 328 1419 tilina
358 1375 646 1429 obiceretur,
680 1377 878 1428 eratque
911 1373 1140 1415 absoluta.
1214 1372 1334 1414 haec
1366 1372 1528 1426 Fabia,
1562 1372 1675 1426 quia
1706 1383 1840 1413 soror

104 1464 151 1499 15
187 1456 294 1497 erat
324 1452 577 1496 Terentiae
610 1451 868 1504 Ciceronis,
903 1451 1009 1493 ideo
1043 1450 1111 1492 sic
1143 1450 1291 1491 dixit:
1336 1450 1527 1492 etiam
1567 1450 1615 1491 si
1656 1449 1839 1503 culpa

187 1531 360 1575 nulla
389 1530 694 1573 subesset.
758 1529 826 1571 ita
851 1531 899 1571 et
930 1528 1027 1571 suis
1059 1528 1276 1583 pepercit
1300 1531 1348 1569 et
1379 1527 1529 1569 nihilo
1562 1527 1718 1569 levius
1751 1526 1837 1568 ini-

188 1609 314 1652 mico
346 1608 521 1651 summi
553 1607 797 1663 obprobrii
830 1606 1179 1661 turpitudinem
1213 1605 1398 1648 obiecit.

277 1685 415 1730 Cum
467 1685 1008 1741 deprehendebare
1061 1684 1117 1725 in
1170 1683 1518 1737 adulteriis,
1569 1695 1697 1725 cum
1745 1683 1838 1724 de·
1879 1691 1970 1727 71S

188 1763 581 1820 prehendebas
629 1763 920 1805 adulteros
966 1762 1105 1816 ipse,
1145 1773 1268 1803 cum
1312 1773 1379 1803 ex
1419 1762 1611 1803 eodem
1648 1763 1839 1815 stupro

104 1853 152 1889 20
187 1841 305 1885 tibi
337 1844 396 1884 et
428 1853 675 1883 uxorem
709 1842 767 1882 et
798 1839 1002 1882 filiam
1035 1838 1359 1881 invenisti.

275 1919 468 1963 Dicitur
498 1917 705 1962 Catilina
737 1917 1030 1960 adulterium
1074 1916 1366 1959 commisisse
1406 1928 1515 1958 cum
1549 1929 1606 1958 ea
1638 1928 1761 1970 quae
1796 1916 1838 1957 ei

187 2000 352 2053 postea
383 2009 547 2040 socrus
579 1996 682 2050 fuit,
717 1998 764 2038 et
796 2007 857 2037 ex
890 2007 945 2037 eo
979 1997 1142 2036 natam
1183 1997 1345 2049 stupro
1387 1994 1579 2036 duxisse
1625 2006 1839 2046 uxorem,

189 2087 300 2118 cum
333 2075 432 2118 filia
463 2075 566 2117 eius
598 2076 733 2116 esset.
817 2073 906 2114 hoc
938 2072 1174 2114 Lucceius
1205 2084 1393 2126 quoque
1427 2071 1662 2114 Catilinae
1695 2071 1842 2113 obicit
1878 2081 1974 2116 920

189 2153 240 2196 in
271 2152 567 2195 orationibus
593 2163 712 2206 quas
743 2151 793 2194 in
827 2163 938 2192 eum
971 2150 1173 2204 scripsit.
1239 2150 1436 2192 nomina
1466 2150 1638 2192 harum
1673 2150 1839 2191 mulie·

105 2242 154 2279 25
189 2241 299 2273 rum
330 2230 543 2273 nondum
575 2229 755 2272 inveni.

279 2362 304 2387 1.
324 2357 429 2394 impar
448 2359 478 2386 S.
570 2361 594 2385 2.
614 2359 747 2392 possent
766 2357 906 2391 Madviy,
930 2364 988 2383 om.
1014 2358 1043 2383 (f.
1151 2359 1176 2384 3.
1198 2356 1309 2384 crimis
1330 2357 1372 2383 M.
1471 2359 1496 2383 ss.
1516 2356 1676 2384 Lucceius
1701 2357 1837 2387 Cret-ier.

190 2430 330 2459 lucullus
354 2431 384 2459 C.
457 2433 483 2459 7.
502 2430 673 2465 petitSM.
747 2431 771 2457 9.
793 2437 887 2463 quam
910 2429 1092 2461 Alanule'us,
1116 2435 1180 2462 qun.
1198 2430 1228 2456 C.
1285 2428 1410 2462 reliqua
1425 2429 1606 2461 Μαηυίὶιικ,
1631 2401 1787 2466 reliqui-:111
1802 2429 1837 2461 P,

190 2484 350 2519 reliquam
370 2485 446 2512 SM
500 2484 571 2511 vita
590 2491 624 2511 es
645 2483 826 2516 Manutius,
851 2482 918 2510 vite
944 2475 986 2510 ιζ’
1066 2485 1109 2510 11.
1129 2489 1190 2516 quo
1213 2482 1383 2515 Beyaldus,
1407 2482 1491 2516 quod
1510 2484 1539 2510 C.
1631 2485 1673 2510 17.
1695 2482 1839 2517 obprobii

191 2540 226 2567 S*
239 2539 292 2566 Μ’.
366 2540 409 2566 18.
428 2537 691 2573 deprehendebat
711 2538 741 2565 S.
822 2539 863 2564 19.
884 2535 934 2572 ῐβὲ
953 2537 987 2564 P.
1062 2539 1104 2564 21.
1125 2536 1295 2564 catilinam
1316 2538 1345 2564 S.
1420 2540 1462 2564 ⁶22.
1481 2539 1591 2564 natam
1610 2546 1642 2572 p,
1667 2545 1740 2564 mun
1763 2538 1838 2569 SM,

191 2592 265 2622 naffi
284 2593 318 2620 P.
392 2594 435 2620 23.
454 2591 599 2620 luererus
614 2592 656 2619 M.
731 2594 773 2618 24.
788 2601 804 2617 «
815 2589 908 2618 nom}
922 2590 1015 2618 uxori
1030 2590 1092 2618 fuit
1106 2590 1240 2618 Aurelia
1255 2590 1412 2625 orestilla,
1427 2590 1465 2618 de
1480 2598 1576 2619 socru
1591 2591 1704 2624 ignoro
1717 2602 1733 2615 »
1746 2592 1834 2625 I'my²

239 2718 262 2753 6
286 2719 448 2763 paratus
466 2716 744 2762 eruditusque:
778 2715 876 2751 Cic.
900 2726 978 2761 pro
1099 2716 1143 2751 21
1178 2716 1334 2752 Dicitur
1384 2716 1553 2752 Catilina
1602 2716 1839 2751 adulterium

195 2777 294 2813 Cael.
321 2777 378 2821 22,
400 2776 465 2821 543
490 2775 543 2812 ad
559 2775 659 2821 fam.
686 2775 719 2811 V
738 2775 803 2821 123
830 2776 896 2820 133
922 2776 977 2811 15.
1054 2777 1297 2811 commisisse
1324 2780 1416 2812 etc.:
1444 2776 1571 2811 Plut.
1602 2776 1674 2811 Cic.
1703 2778 1758 2811 10.

241 2837 261 2873 7
287 2836 418 2882 petiit:
451 2834 554 2871 Cic.
585 2835 637 2871 ad
662 2835 742 2871 Att.
769 2834 788 2870 I
814 2835 870 2879 17,
899 2836 954 2870 11.
1100 2836 1148 2871 24
1172 2838 1334 2872 nomina
1355 2837 1493 2872 harum
1517 2837 1724 2872 mulierum
1748 2840 1842 2872 etc.:
1864 2874 1868 2877 ,

241 2896 286 2932 13
312 2905 473 2931 causam
500 2895 641 2930 incesti
667 2895 841 2930 dixerat:
870 2904 903 2930 a.
922 2895 980 2931 73:
1054 2895 1177 2931 Sall.
1207 2895 1288 2932 Ca't.
1316 2897 1372 2941 15,
1399 2896 1441 2941 23
1480 2896 1587 2932 Val.
1627 2897 1752 2931 Max.
1786 2895 1842 2930 IX

194 2958 327 2993 Plut.
358 2955 450 2991 Cato
476 2956 572 2990 min.
600 2955 656 2999 19,
682 2956 724 3000 33
760 2954 901 2990 Oros.
931 2954 981 2990 VI
1055 2956 1087 3001 1,
1114 2956 1147 2991 9.

193 3019 227 3064 3,
254 3018 293 3062 13
325 3015 446 3052 Sall.
477 3013 557 3050 Cat.
584 3014 641 3059 15,
668 3015 700 3050 1.
