2300 3528
347 373 391 407 12
406 373 479 407 BC

346 514 388 548 11
408 513 477 549 ΚΕ

525 267 569 300 14
1206 267 1453 303 ASCONIVS

612 362 802 405 Confido
835 376 918 405 vos
958 364 1236 418 intellegere
1273 364 1323 406 L.
1357 363 1556 406 Paulum
1594 365 1720 407 hunc
1756 365 2028 419 significari,
2061 364 2143 420 qui

523 441 610 482 fuit
651 443 786 494 pater
826 441 1056 482 naturalis
1097 440 1309 483 Africani
1351 441 1634 495 posterioris,
1673 442 1731 483 de
1772 442 2144 496 Macedoniaque

523 517 740 558 ultimum
768 517 963 571 eiusque
990 529 1102 572 rege
1128 517 1454 572 triumphavit.
1481 517 1806 560 Macedoniam
1833 521 1992 560 autem
2023 517 2143 579 Piso,

520 593 569 635 in
616 606 757 647 quem
799 594 919 636 haec
962 595 1110 636 oratio
1153 597 1234 648 est,
1277 594 1502 647 obtinuit3
1549 597 1741 650 propter
1778 595 1902 650 quod
1943 594 2144 638 Paulum

521 682 629 712 eum
651 671 871 725 appellat,
894 671 1098 713 irridens
1119 684 1228 713 eum
1251 671 1375 725 quod
1402 671 1468 713 ibi
1494 684 1597 714 rem
1622 684 1715 714 non
1738 684 1960 727 prospere
1987 672 2143 726 gessit.

1139 800 1251 844 CIR.
1284 802 1528 844 MEDIVM

610 905 653 955 (ξ
685 904 774 955 44.)
809 903 877 944 M.
911 903 1228 957 Marcellus,
1261 904 1366 957 qui
1403 906 1488 945 ter
1519 903 1731 945 consul
1764 903 1900 957 fuit,
1932 915 2143 945 summa

520 979 756 1032 virtute,
795 980 1047 1033 pietate,
1086 980 1286 1034 gloria
1328 980 1610 1034 militari,
1644 980 1840 1034 periit
1880 980 1939 1022 in
1971 979 2143 1034 mari3

520 1056 619 1109 qui
652 1058 850 1097 tamen
893 1056 950 1097 ob
991 1056 1277 1098 virtutem
1319 1057 1379 1098 in
1421 1056 1623 1110 gloria
1655 1059 1710 1098 et
1746 1057 1928 1098 laude
1958 1056 2142 1099 vivit.

607 1132 822 1176 Fortasse
863 1134 1102 1187 quaeratis
1148 1146 1289 1188 quem
1330 1134 1458 1175 dicat
1493 1134 1783 1176 Marcellum.
1861 1133 1950 1175 fuit
1985 1135 2144 1176 autem

520 1222 663 1264 nepos
693 1210 752 1252 M.
785 1210 998 1252 Marcelli
1031 1210 1132 1252 eius
1164 1211 1245 1264 qui
1282 1211 1406 1252 bello
1438 1210 1615 1252 Punico
1647 1211 1853 1252 secundo
1885 1209 2144 1273 Syracusas

520 1287 638 1329 vicit
653 1290 700 1329 et
721 1288 930 1342 quinque
953 1288 1223 1329 consulatus
1244 1288 1441 1342 adeptus
1464 1290 1545 1329 est.
1597 1288 1676 1329 hic
1701 1289 1860 1329 autem
1877 1287 2143 1341 Marcellus,

520 1365 578 1406 de
601 1377 692 1418 quo
720 1363 884 1406 Cicero
911 1364 1039 1418 dicit,
1068 1364 1315 1418 naufragio
1342 1365 1401 1406 ad
1428 1365 1577 1418 ipsam
1604 1365 1816 1406 Africam
1839 1364 1982 1419 periit
2001 1364 2144 1419 paulo

519 1443 629 1482 ante
661 1435 879 1495 coeptum
912 1441 1090 1482 bellum
1122 1441 1354 1483 Punicum
1386 1442 1592 1483 tertium.
1656 1441 1796 1495 idem,
1825 1453 1933 1483 cum
1966 1443 2144 1483 statuas

519 1518 607 1559 sibi
650 1530 707 1559 ac
742 1517 866 1572 patri
908 1517 1116 1572 itemque
1158 1530 1248 1559 avo
1290 1520 1486 1571 poneret
1524 1518 1573 1559 in
1611 1517 1928 1560 monumentis
1959 1517 2040 1560 avi
2071 1517 2143 1560 sui

520 1595 578 1636 ad
611 1595 812 1636 Honoris
844 1597 891 1636 et
917 1594 1128 1648 Virtutis,
1172 1594 1342 1636 decore
1389 1594 1687 1648 subscripsit:
1730 1594 1800 1635 III
1836 1593 2144 1637 MARCELLI

518 1671 739 1714 NOVIES
772 1671 893 1714 COS.
972 1672 1069 1724 fuit
1098 1671 1227 1714 enim
1259 1672 1358 1724 ipse
1402 1672 1476 1714 ter
1511 1671 1686 1725 consul,
1720 1684 1839 1713 avus
1875 1671 2141 1726 quinquies,

519 1757 655 1803 pater
685 1749 854 1791 semel:
887 1749 1047 1802 itaque
1079 1760 1233 1802 neque
1259 1748 1484 1790 mentitus
1509 1751 1580 1790 est
1604 1751 1652 1790 et
1676 1749 1802 1803 apud
1825 1741 2143 1803 imperitiores

519 1827 665 1881 patris
697 1827 769 1868 sui
801 1826 1100 1880 splendorem
1134 1825 1280 1867 auxit.

608 1946 631 1970 2.
652 1943 689 1970 de
710 1941 962 1975 Macedoniaque
983 1942 1120 1975 Madvig,
1143 1941 1182 1969 dc
1202 1941 1393 1969 Macedonia
1412 1943 1508 1975 atquc
1533 1942 1563 1969 C.
1634 1943 1659 1969 3.
1673 1941 1804 1975 eiusque
1825 1942 1944 1976 Stanyl,
1967 1940 2036 1969 eius
2056 1934 2094 1969 de
2113 1942 2143 1969 C.

517 2016 542 2041 4.
561 1987 668 2048 pgium
689 2015 723 2046 P,
741 2014 846 2047 palam
868 2015 910 2047 M,
933 2014 1026 2040 etiam
1045 2014 1081 2040 in
1100 2014 1164 2040 cod.
1183 2015 1206 2040 S
1220 2017 1291 2048 post
1310 2015 1444 2040 multum
1463 2014 1598 2040 laborem
1617 2013 1723 2047 palam
1743 2014 1841 2048 leyere
1860 2013 1939 2041 mihi
1958 2014 2044 2041 visus
2064 2021 2143 2041 sum.

517 2070 542 2095 5.
562 2076 628 2095 rem
649 2067 885 2101 Broukhusius,
908 2075 942 2094 se
967 2068 996 2095 C.
1068 2070 1093 2094 6.
1113 2075 1170 2094 ονη.
1190 2069 1231 2094 Μ.
1311 2070 1336 2094 7.
1355 2067 1395 2094 Μ.
1420 2067 1490 2100 Cic„
1513 2075 1570 2094 om.
1593 2068 1623 2094 C.
1707 2069 1732 2094 8.
1750 2066 1868 2095 virtute
1885 2075 1918 2102 p,
1940 2066 2009 2100 Cic„
2031 2074 2088 2094 om.
2112 2067 2144 2095 Ο.

518 2121 614 2155 periit
632 2122 801 2154 Remulus,
824 2120 907 2155 perit
931 2122 961 2148 C.
1051 2123 1075 2148 9.
1095 2120 1127 2147 in
1153 2120 1212 2148 Cic.
1232 2121 1295 2148 cod.
1322 2122 1353 2153 V,
1377 2128 1433 2147 om.
1458 2121 1487 2148 C.
1579 2123 1620 2147 13.
1639 2120 1723 2154 perit
1741 2121 1815 2147 SM.-
1900 2122 1942 2147 14.
1962 2122 2088 2155 ceptum
2112 2122 2143 2149 C.

517 2173 594 2201 item
613 2174 686 2201 SM.
795 2176 837 2200 16.
856 2173 970 2201 decore
990 2173 1111 2206 Baiter,
1135 2172 1282 2200 decorem
1307 2173 1337 2200 C.
1391 2172 1441 2199 111
1460 2173 1640 2206 Manutius,
1654 2171 1696 2199 -hi
1716 2173 1740 2200 S
1746 2173 1781 2206 P,
1803 2171 1856 2200 hic
1876 2173 1918 2200 M.
2021 2166 2063 2200 1⁶1.
2081 2172 2144 2213 fuit

518 2227 603 2255 enim
623 2227 692 2261 ipse
713 2229 761 2254 ter
780 2227 890 2254 consul
910 2227 1092 2259 Buecheler,
1116 2234 1173 2253 om.
1197 2227 1226 2254 C.
1300 2228 1342 2253 18.
1362 2233 1464 2260 neque
1485 2234 1541 2253 om.
1563 2227 1605 2253 M.

565 2345 587 2379 2
625 2344 673 2379 de
711 2344 1022 2388 Macedoniaque
1164 2344 1297 2378 trium·
1369 2343 1472 2378 Liv.
1500 2343 1551 2388 L,
1589 2343 1691 2379 Cic.
1716 2342 1762 2378 de
1786 2342 1862 2377 div.
1887 2342 1926 2377 H
1951 2342 1984 2388 5,
2010 2334 2072 2388 14ss
2097 2342 2143 2378 de

518 2403 673 2447 phavit:
695 2414 728 2438 a.
748 2403 815 2438 167
834 2402 892 2437 III
909 2402 1033 2447 pridie
1051 2404 1088 2437 k.
1107 2402 1294 2437 Decemb.
1368 2402 1453 2447 fato
1479 2402 1535 2447 14,
1561 2403 1617 2437 33.

518 2473 554 2496 v.
569 2463 674 2497 Fast.
698 2462 900 2506 Triumph.
922 2462 1026 2506 Cap.;
1046 2462 1148 2496 Liv.
1168 2461 1292 2496 XLIV
1412 2462 1455 2496 11
1482 2461 1698 2507 Syracusas
1722 2461 1839 2496 vicit:
1865 2471 1898 2496 a.
1926 2461 2007 2496 212.

518 2521 645 2566 23-46,
664 2521 768 2555 XLV
782 2521 871 2566 4—83
891 2521 1015 2555 Plut.
1035 2521 1139 2555 Aem.
1159 2520 1292 2564 12-273
1414 2521 1458 2555 12
1496 2521 1670 2565 quinque
1713 2520 1938 2555 consulatus
1975 2520 2142 2566 adeptus

520 2581 686 2625 Polyb.
706 2581 762 2624 29,
781 2581 820 2625 63
845 2580 988 2614 Diod.
1016 2580 1128 2614 XXX
1154 2581 1210 2624 22,
1229 2580 1292 2624 233
1366 2583 1444 2614 est:
1466 2590 1499 2614 a.
1526 2579 1605 2624 222,
1623 2579 1693 2614 215
1720 2579 1846 2624 (suff),
1864 2579 1943 2624 214,
1962 2579 2042 2625 210,
2060 2579 2140 2615 208.

518 2640 607 2674 Dio
635 2640 677 2674 fr.
704 2640 837 2684 66-673
876 2640 1040 2674 Zonar.
1071 2639 1138 2684 IX,
1169 2640 1226 2684 23,
1252 2641 1292 2684 73
1413 2638 1459 2673 14
1472 2638 1581 2673 Idem
1600 2649 1689 2673 cum
1710 2641 1860 2673 statuas
1887 2642 1979 2674 θῦε-,ε
2000 2649 2033 2674 a.
2052 2638 2147 2674 1482.

522 2698 648 2734 Vell.
675 2699 774 2733 Pat.
802 2699 819 2733 I
846 2699 1028 2743 931ust.
1055 2698 1230 2733 XXXIII
1260 2699 1292 2743 1,
1366 2697 1464 2733 Cic.
1511 2698 1616 2733 Verr.
1645 2697 1683 2731 II
1712 2697 1745 2742 4,
1778 2698 1834 2742 54,
1868 2697 2018 2743 120-55,
2053 2697 2140 2743 1233

519 2758 540 2792 6
556 2768 658 2802 sqq.;
677 2757 835 2792 Front.
854 2759 965 2792 strat.
987 2757 1025 2791 II
1043 2758 1076 2802 3,
1092 2758 1154 2802 1ος
1175 2757 1291 2791 Flor.
1366 2757 1410 2791 dc
1430 2758 1511 2791 nat.
1537 2756 1638 2791 deor.
1659 2755 1698 2791 II
1723 2757 1779 2800 23,
1801 2757 1858 2800 61,
1883 2757 1928 2791 de
1947 2766 2027 2801 rep.
2046 2756 2066 2791 I
2083 2756 2139 2801 14,

518 2817 568 2861 II,
604 2817 666 2861 123
692 2816 827 2851 Eutr.
853 2816 917 2861 IV,
943 2817 1031 2861 6-73
1069 2815 1294 2857 Oros.,IV
1367 2816 1430 2860 213
1464 2815 1567 2850 Liv.
1606 2815 1754 2850 XXVII
1787 2816 1844 2860 25,
1884 2816 1971 2861 7-93
2008 2815 2140 2850 XXIX

519 2876 575 2920 20,
601 2876 663 2919 393
690 2875 799 2910 Sen.
826 2875 877 2910 ad
902 2876 1026 2910 Marc.
1052 2875 1160 2910 XIII.
1367 2875 1423 2919 11,
1450 2875 1494 2909 13
1520 2884 1594 2919 sq.;
1614 2874 1717 2909 Val.
1746 2869 1869 2909 Max.
1896 2874 1915 2909 I
1936 2875 1968 2920 1,
1986 2875 2025 2920 ὃς
2050 2874 2141 2909 La-

566 2936 586 2970 7
613 2938 672 2969 ter
691 2934 827 2969 consul
840 2934 932 2969 fuit:
952 2945 985 2968 a.
1012 2934 1091 2979 166,
1115 2934 1292 2979 155,152.
1368 2937 1518 2968 etant.
1545 2933 1620 2968 div.
1647 2935 1736 2968 inst.
1764 2933 1782 2968 I
1811 2933 1868 2978 20,
1895 2934 1950 2968 12.
2016 2931 2018 2933 ’

566 2993 588 3027 8
614 2993 727 3038 periit
752 2993 791 3027 in
823 2993 938 3028 mari:
964 3003 998 3028 a.
1021 2993 1108 3027 148:
1127 2993 1293 3037 perioch.
1415 2992 1460 3027 18
1484 2995 1596 3038 pater
1615 2993 1755 3029 semel:
1780 3003 1813 3027 a.
1841 2993 1920 3028 196.

2182 1143 2297 1179 10'

2181 1529 2227 1565 15
