2300 3528
782 207 837 243 IN
864 206 1189 244 PISONIANAM
1769 209 1816 244 15

610 357 726 401 CIR.
759 358 894 402 VER.
927 359 969 401 A
1000 357 1140 402 NOV.
1172 357 1375 402 DCCCC

263 461 310 515 (ἕ
341 459 432 514 52.)
476 459 562 503 Me
620 461 1153 516 consequentibus
1199 461 1417 503 diebus
1457 461 1516 503 in
1569 473 1636 503 ea
1683 461 1819 516 ipsa

168 534 352 593 domo,
400 549 522 593 qua
569 541 630 580 tu
679 551 762 581 me
810 539 1168 594 expuleras,
1207 551 1376 593 quam
1420 539 1818 594 incenderaS‚

166 615 534 673 pontifices,
567 617 886 670 consules,
919 619 1128 672 patres
1164 616 1518 670 conscripti
1560 617 1818 659 colloca·
1858 617 1989 654 13Βο

0 712 10 731 u
64 748 66 750 ,
108 698 133 736 δ
167 695 326 748 runt,
368 693 642 748 mihique,
680 695 827 748 quod
860 697 1025 749 antea
1056 694 1286 748 nemini,
1319 694 1562 749 pecunia
1593 695 1822 749 publica

167 771 587 814 aedificandam
627 772 844 814 domum
887 775 1250 814 censuerunt.

259 847 364 891 Hoc
395 847 564 891 Cicero
591 849 798 890 oratorio
825 861 972 903 more,
990 861 1084 890 non
1108 849 1348 903 historice,
1367 849 1561 892 videtur
1586 849 1823 904 posuisse:

169 936 283 967 nam
316 924 480 968 multis
511 925 749 967 aetatibus
774 928 884 967 ante
906 923 1187 968 Ciceronem
1220 926 1341 968 nulli
1374 926 1423 968 id
1456 926 1710 980 contigisse
1746 938 1824 968 ve-

171 1013 285 1046 rum
317 1005 401 1057 est,
432 1002 614 1045 nemini
656 1015 773 1045 vero
817 1015 1045 1057 umquam
1088 1006 1230 1046 antea
1272 1003 1524 1046 videamus
1560 1017 1620 1046 ne
1653 1016 1824 1059 parum

87 1088 135 1125 10
174 1081 317 1122 caute
334 1079 476 1122 dicat.
530 1079 740 1134 antiquis
762 1080 890 1122 enim
909 1080 1204 1135 temporibus
1224 1080 1443 1135 pluribus
1460 1081 1587 1123 idem
1607 1081 1826 1135 contigit;

173 1170 288 1201 nam
323 1157 385 1200 M.
419 1157 614 1200 Valerio
645 1157 869 1211 Maximo,
903 1161 955 1200 ut
985 1158 1153 1200 Antias
1190 1159 1400 1213 tradidit,
1440 1159 1566 1202 inter
1597 1159 1715 1202 alios
1746 1159 1826 1201 ho-

175 1246 319 1279 nores
350 1235 519 1278 domus
551 1248 739 1290 quoque
772 1235 964 1290 publice
997 1236 1250 1278 aedificata
1278 1239 1348 1278 est
1380 1236 1429 1278 in
1461 1236 1657 1291 Palatio,
1690 1237 1828 1279 cuius

169 1312 343 1368 exitus,
377 1325 471 1368 quo
512 1313 667 1367 magis
709 1313 909 1368 insignis
941 1316 1077 1367 esset,
1111 1314 1158 1355 in
1200 1314 1447 1368 publicum
1481 1327 1650 1357 versus
1682 1315 1826 1356 decli-

175 1391 389 1445 naretur,
411 1389 502 1432 hoc
524 1392 607 1444 est,
631 1392 769 1432 extra
790 1390 1033 1445 privatum
1057 1391 1340 1446 aperiretur.
1365 1391 1630 1434 Varronem
1665 1395 1825 1434 autem

88 1474 136 1512 15
177 1467 371 1510 tradere
401 1467 462 1510 M.
494 1467 702 1522 Valerio,
746 1468 860 1522 quia
902 1467 1101 1510 Sabinos
1142 1468 1342 1522 vicerat,
1386 1470 1529 1512 aedes
1562 1470 1610 1512 in
1643 1470 1825 1512 Palatio

176 1543 393 1599 tributas,
426 1544 577 1588 Iulius
607 1545 830 1599 Hyginus
855 1545 974 1587 dicit
1005 1545 1054 1587 in
1087 1545 1211 1588 libro
1239 1546 1397 1600 priore
1432 1547 1490 1588 de
1517 1547 1636 1589 viris
1668 1547 1824 1601 clariS,

170 1621 220 1664 P.
254 1622 448 1666 Valerio
479 1623 638 1666 Volesi
671 1624 768 1666 filio
801 1623 1080 1666 Publicolae
1108 1624 1298 1666 aedium
1328 1625 1516 1679 publice
1548 1625 1704 1668 locum
1737 1627 1824 1667 sub

173 1700 338 1755 Veliis,
372 1700 454 1743 ubi
487 1713 617 1743 nunc
637 1702 769 1744 aedis
795 1701 1038 1744 Victoriae
1072 1706 1155 1756 est,
1184 1703 1412 1757 populum
1441 1716 1502 1745 ex
1535 1704 1654 1759 lege,
1679 1719 1823 1760 quam

177 1778 280 1834 ipse
302 1778 493 1832 tulerat,
517 1779 818 1821 concessisse.
876 1779 1072 1821 tradunt
1089 1782 1137 1821 et
1158 1779 1380 1822 Antiochi
1405 1781 1531 1835 regis
1553 1782 1649 1824 filio
1673 1783 1824 1826 obsidi

87 1864 136 1901 20
173 1856 369 1899 domum
401 1855 594 1910 publice
637 1856 955 1910 aedificatam,
999 1856 1126 1899 inter
1167 1870 1285 1911 quos
1325 1858 1513 1901 Atticus
1544 1859 1593 1901 in
1626 1849 1824 1903 Annali:

173 1927 298 1989 quae
339 1936 502 1989 postea
545 1933 723 1976 dicitur
762 1934 918 1976 Lucili
958 1937 1127 1989 poetae
1162 1935 1318 1978 fuisse.
1358 1936 1510 1978 Varro
1554 1950 1741 1992 quoque
1775 1939 1824 1980 in

267 2060 293 2085 1.
310 2063 369 2084 om.
386 2057 430 2084 M.
490 2055 614 2084 DCCCC
634 2058 819 2091 Buecheler,
842 2056 945 2084 DCCC
967 2058 990 2085 S
998 2058 1032 2085 P.
1141 2060 1166 2085 3.
1186 2058 1229 2085 ini
1251 2059 1280 2085 S.
1339 2066 1434 2092 quam
1455 2059 1619 2093 expilatus
1637 2064 1707 2095 post
1729 2069 1824 2095 expu-

172 2111 263 2140 lem
275 2111 349 2139 aad.
367 2111 430 2139 Cic.
468 2110 658 2138 incenderat
678 2111 708 2138 S.
781 2114 806 2138 4.
826 2113 935 2145 patres
956 2111 1130 2146 conscripti
1151 2112 1221 2144 Cia,
1240 2115 1348 2146 patres
1362 2114 1437 2145 SM,
1461 2117 1553 2147 praet
1566 2115 1600 2141 P.
1672 2117 1734 2141 4-5.
1753 2122 1826 2143 con-

171 2164 366 2193 locaverunt
390 2163 452 2192 Cic.
525 2165 550 2191 5.
570 2166 645 2191 ante
666 2171 718 2191 me
737 2163 859 2191 nemini
886 2164 946 2191 (11¹0.
1002 2165 1141 2198 pecunia
1160 2164 1291 2199 publica
1308 2174 1339 2200 p,
1363 2166 1532 2200 pecuniam
1553 2167 1714 2200 publicam
1736 2168 1775 2195 ad
1795 2169 1826 2196 C.

173 2221 216 2247 10.
235 2218 324 2247 dieat
342 2218 658 2252 Kiessliny-Schoell,
683 2217 828 2245 dieamus
853 2220 883 2246 C.
977 2221 1019 2246 11.
1039 2218 1080 2246 M.
1100 2219 1415 2253 Kiessliny-Schoell,
1439 2228 1496 2247 om.
1520 2222 1550 2248 C.
1624 2224 1666 2249 13.
1686 2222 1718 2249 ἰη
1738 2231 1768 2257 p,
1793 2225 1826 2250 et

171 2271 207 2300 in
230 2273 262 2301 C.
335 2273 377 2300 15.
397 2271 535 2299 Sabinos
557 2272 742 2305 Schweyler,
766 2271 874 2306 sepius
899 2273 928 2299 C.
1023 2274 1065 2299 16.
1086 2271 1189 2299 Iulius
1209 2272 1360 2307 Hyginus
1380 2274 1508 2308 Popma,
1532 2274 1566 2301 Ι..
1586 2274 1738 2310 Hyginus
1757 2275 1826 2311 (hy-

173 2325 283 2362 ginius
301 2327 346 2359 Διῒ,
368 2324 515 2360 higinius
534 2326 573 2359 P)
598 2327 628 2353 C.
703 2327 745 2352 17.
766 2325 921 2353 aedilium
943 2327 972 2353 S.
1028 2326 1157 2360 publice
1178 2326 1283 2354 lot-um
1304 2328 1435 2361 Rinkes,
1458 2329 1547 2362 repul
1618 2331 1654 2364 (6
1667 2330 1726 2358 litt.
1740 2331 1823 2365 PM)

174 2387 246 2408 cnm
271 2380 302 2409 C.
375 2382 418 2407 18.
436 2379 543 2407 Veliis
563 2379 878 2414 Kiessliny-Sehoell,
901 2379 984 2407 velis
1004 2379 1036 2407 C.
1123 2382 1165 2408 19.
1186 2380 1308 2408 addunt
1328 2383 1358 2413 S,
1383 2381 1513 2409 tardunt
1534 2383 1576 2410 M.
1631 2383 1775 2412 obsidem
1795 2386 1826 2413 S.

173 2434 217 2462 w.
236 2432 356 2461 Annali
373 2441 407 2469 p,
429 2432 547 2461 andale
568 2433 598 2466 S,
622 2432 740 2460 annale
761 2433 840 2460 PM.
914 2436 957 2460 21.
977 2432 1084 2461 Lucili
1106 2434 1287 2468 Manutius,
1312 2434 1406 2462 Lucii
1427 2435 1507 2468 PM,
1530 2434 1565 2463 L.
1586 2436 1615 2464 S.

223 2545 268 2581 12
294 2545 434 2581 domus
467 2555 627 2591 quoque
665 2545 824 2591 publice
854 2545 959 2581 aedi·
1034 2545 1165 2581 Plut.
1205 2547 1321 2582 Publ.
1362 2548 1428 2592 1ος
1466 2551 1612 2593 quaest.
1650 2550 1719 2585 Ro.
1760 2552 1823 2597 913

174 2605 294 2642 ficata
319 2609 397 2641 est:
421 2605 625 2653 Dionys.
664 2605 697 2640 V
724 2606 787 2650 393
825 2605 958 2641 Plut.
1032 2606 1216 2642 Auctor
1237 2607 1561 2654 devir.ill.15‚2;
1587 2609 1708 2645 Plin.
1727 2622 1766 2646 n.
1785 2612 1822 2646 h.

175 2665 291 2700 Pube.
317 2664 375 2700 20.
1034 2665 1203 2701 XXXVI
1218 2667 1492 2712 1123Z0nar.
1519 2668 1820 2714 V11133F10r.

224 2723 270 2759 15
296 2724 390 2769 quia
414 2722 587 2764 Sabinos,
608 2725 782 2759 vicerat:
809 2735 843 2759 a.
870 2725 962 2760 505:
1035 2725 1053 2760 Ι
1079 2726 1120 2771 9;
1159 2725 1366 2772 Dionys.
1398 2726 1430 2762 V
1458 2728 1524 2772 193
1559 2728 1622 2773 393
1652 2728 1750 2764 Cic.
1776 2730 1822 2765 de

175 2782 285 2818 Liv.
320 2782 358 2817 II
400 2782 463 2828 163
508 2783 713 2829 Dionys.
752 2783 785 2818 V
824 2785 961 2830 37-393
1034 2796 1113 2831 rep.
1141 2785 1179 2820 11
1204 2786 1262 2831 31,
1290 2786 1352 2831 533
1379 2786 1483 2822 Val.
1508 2788 1625 2823 Max.
1653 2788 1706 2823 IV
1734 2790 1764 2835 1,
1788 2790 1820 2826 1.

175 2842 305 2878 Plut.
333 2842 447 2878 Publ.
474 2843 541 2888 203
566 2843 737 2878 Zonar.
764 2843 838 2878 VII
865 2844 920 2879 13.
1083 2846 1129 2879 18
1150 2845 1260 2880 aedis
1281 2846 1498 2883 Victoriae:
1525 2847 1650 2883 dedic.
1679 2859 1712 2883 a.
1732 2849 1820 2893 294;

224 2903 270 2939 17
304 2901 348 2938 Ρ.
386 2901 541 2937 Valerio
583 2902 715 2938 Volesi
750 2902 828 2938 filio
867 2907 963 2940 etc.:
1036 2904 1132 2940 Liv.
1161 2905 1197 2939 X
1223 2906 1281 2950 33,
1308 2906 1341 2941 9.

179 2963 284 2999 Cic.
304 2963 390 2997 har.
406 2973 439 2997 r.
457 2964 492 3007 ὅ,
511 2963 566 2997 16.
589 2962 716 2998 Aliter
742 2963 848 2998 Liv.
867 2963 905 2998 II
924 2965 964 3009 73
1087 2966 1131 2999 19
1158 2965 1307 3005 obsidizr
1328 2976 1362 3000 a.
1392 2966 1566 3003 189-175.

1863 1086 1907 1121 12
1925 1087 1992 1122 KS

1864 1482 1959 1518 198
