2300 3528
861 252 1155 289 PRAEFATIO
1754 248 1826 285 XV

189 362 322 413 locis
359 358 732 428 deprehendi:v
755 356 839 420 8⁰,
863 358 898 408 *7
907 362 936 408 6
956 355 1012 421 ²²³3
1054 357 1284 422 denique
1323 357 1582 406 lectiones
1609 355 1832 405 nonnul-

188 452 269 503 las
307 452 544 518 optimae
582 453 744 499 notae
771 449 874 498 sibi
911 449 1153 514 proprias
1181 446 1363 508 habet,
1395 446 1546 496 velut
1584 447 1618 495 4
1639 443 1831 507 15,5317,

193 543 260 592 64
278 538 311 603 ⁷,
365 544 428 591 91
454 538 500 590 ¹¹.
595 540 700 588 huc
739 538 950 588 accedit
986 538 1128 603 quod
1179 536 1454 602 exemplar
1503 536 1662 584 huius
1712 551 1833 601 apo-

189 630 384 697 graphi
421 630 582 679 hodie
620 629 885 695 deperditi
924 644 957 677 a
994 627 1213 676 librario
1252 626 1734 691 neglegentissimo
1779 628 1835 674 et

189 720 561 770 indoctissimo
599 722 682 768 est
723 719 1067 783 descriptum.
1156 719 1338 782 itaque
1377 716 1576 765 codicis
1617 715 1672 763 M
1713 716 1834 763 scri-

188 812 376 876 pturas
413 811 779 875 ineptissimas
818 824 926 857 non
966 823 1175 872 semper
1219 809 1439 855 enotare
1477 805 1613 853 mihi
1658 806 1832 852 visum

190 902 306 950 est:
358 901 488 965 quin
540 901 707 948 etiam
755 897 900 946 haud
958 899 1067 946 scio
1125 913 1195 945 an
1254 898 1465 962 saepius
1517 911 1680 960 quam
1737 910 1835 959 par

191 992 332 1038 esset
368 991 426 1037 in
465 991 728 1054 apparatu
766 989 954 1036 critico
981 986 1351 1035 indicaverim.
1428 1001 1565 1050 quae
1606 986 1649 1032 si
1688 986 1834 1032 recte

190 1079 585 1139 constituimus,
625 1077 793 1126 codex
832 1077 888 1124 M
920 1076 1139 1140 reliquis
1177 1075 1383 1124 duobus
1421 1075 1582 1139 longe
1621 1073 1834 1139 postha-

193 1166 399 1217 bendus
437 1171 534 1217 est.
563 1213 567 1216 .

303 1255 557 1322 Sequitur
581 1259 643 1305 ut
668 1256 734 1304 de
763 1255 1037 1304 codicibus
1076 1254 1112 1304 S
1152 1258 1207 1303 et
1244 1255 1290 1303 P
1328 1255 1625 1319 loquamur.
1703 1251 1834 1300 mul-

189 1348 307 1394 tum
333 1345 488 1394 abest
506 1350 568 1394 ut
604 1347 818 1409 utrique
845 1344 1017 1393 codici
1043 1343 1289 1392 eamdem
1328 1343 1491 1391 fidem
1519 1342 1831 1390 habeamus.

190 1451 319 1484 nam
344 1434 593 1484 omnibus
618 1436 896 1498 utriusque
923 1433 1122 1482 codicis
1145 1434 1423 1498 scripturis
1450 1434 1593 1481 inter
1620 1448 1675 1480 se
1696 1447 1834 1480 com-

189 1524 604 1589 paratis—nec
642 1538 767 1571 vero
808 1522 980 1570 solum
1019 1521 1244 1570 Asconii
1282 1522 1701 1570 commentarios
1742 1519 1834 1568 sed

191 1614 358 1662 etiam
397 1612 602 1661 scholia
638 1614 695 1660 in
735 1611 994 1661 Verrinas
1034 1611 1325 1675 diligenter
1362 1612 1610 1676 perspexi
1638 1610 1834 1658 —hoc

190 1703 326 1752 mihi
363 1718 676 1768 persuasum
715 1706 798 1750 est
835 1702 1107 1765 Poggium
1147 1702 1314 1749 etiam
1347 1702 1403 1748 in
1444 1699 1725 1754 scribendo
1764 1699 1835 1747 la-

190 1808 358 1842 cunas
395 1793 453 1840 in
491 1791 786 1857 archetypo
824 1794 1101 1840 exstantes
1140 1790 1438 1856 explevisse
1475 1794 1530 1839 et
1559 1790 1724 1839 verba
1749 1789 1837 1838 vel

191 1884 376 1948 aperte
414 1885 666 1947 corrupta
703 1881 790 1930 vel
829 1880 931 1929 sibi
959 1884 1208 1946 suspecta
1251 1880 1339 1929 vel
1377 1880 1608 1945 denique
1636 1881 1834 1928 iniuria
1873 1870 1875 1873 ’

189 1972 448 2037 temporis
467 1971 612 2020 lectu
632 1971 937 2019 difficiliora
952 1972 1162 2036 saepius
1176 1972 1500 2019 coniecturis
1521 1973 1831 2035 temptasse.

191 2064 319 2110 sunt
355 2062 502 2110 enim
539 2060 840 2126 complures
878 2059 1104 2109 Asconii
1143 2060 1263 2120 loci,
1304 2062 1396 2124 qui
1434 2060 1648 2108 firmam
1675 2061 1836 2107 inter-

190 2150 481 2217 polationis
521 2152 880 2216 suspicionem
919 2153 1155 2199 movent.
1232 2149 1356 2198 vide
1396 2151 1489 2198 sis:
1538 2152 1595 2197 11
1621 2146 1653 2209 7,
1700 2145 1833 2208 1122,

192 2242 258 2290 27
278 2236 311 2301 2,
354 2242 419 2289 36
440 2236 472 2300 ⁹,
513 2242 580 2289 49
602 2236 634 2301 ⁴,
677 2237 814 2300 5011,
857 2236 993 2300 5017,
1036 2236 1172 2299 5317,
1215 2235 1335 2299 561,
1379 2235 1514 2299 6621,
1559 2240 1619 2286 71
1645 2235 1676 2298 7,
1714 2239 1781 2286 74
1802 2233 1833 2297 ⁸,

194 2331 261 2379 74
282 2326 330 2391 ¹⁰,
371 2331 437 2378 83
462 2326 508 2391 ¹3,
551 2331 619 2379 90
638 2326 669 2378 4.
764 2333 1044 2395 praeterea
1099 2328 1342 2378 ordinem
1398 2328 1684 2377 verborum
1723 2329 1836 2376 sive

192 2419 542 2484 neglegentia
567 2421 680 2468 sive
719 2418 1043 2468 emendandi
1071 2418 1247 2467 studio
1286 2418 1527 2482 Poggius
1562 2417 1834 2467 interdum

193 2510 531 2558 immutavit:
573 2509 665 2558 cfr.
696 2506 798 2569 812,
844 2505 976 2568 1017,
1024 2511 1085 2556 18
1106 2505 1138 2568 ⁶.
1175 2510 1237 2556 31
1265 2505 1311 2568 11,
1353 2509 1420 2556 42
1440 2504 1491 2568 21,
1535 2505 1654 2567 647,
1697 2509 1764 2555 70
1783 2504 1834 2568 21,

195 2599 263 2647 90
281 2594 314 2659 2,
355 2600 418 2647 91
443 2595 474 2659 3,
517 2600 582 2648 93
606 2595 654 2656 ¹⁶,
696 2601 762 2646 96
782 2594 814 2646 ⁶.
893 2597 984 2646 sed
1011 2598 1067 2644 in
1107 2597 1191 2645 his
1218 2612 1428 2661 quoque
1454 2596 1602 2658 locis,
1635 2596 1701 2645 de
1727 2599 1836 2660 qui-

193 2686 292 2735 bus
318 2686 491 2736 fateor
515 2703 602 2736 me
628 2687 756 2751 quid
796 2687 1028 2736 facerem
1068 2702 1175 2734 non
1216 2686 1353 2733 nihil
1391 2685 1682 2746 dubitasse,
1723 2701 1837 2750 pro-

196 2778 316 2842 pter
354 2791 419 2824 ea
442 2792 579 2841 quae
607 2792 768 2841 supra
793 2775 1188 2841 disputavimus
1216 2775 1459 2823 ordinem
1492 2775 1778 2823 verborum
1805 2791 1837 2822 a

194 2863 491 2914 Sozomeno
518 2865 604 2914 vel
643 2882 672 2913 a
701 2865 1117 2914 Bartholomaeo
1144 2865 1406 2914 traditum
1435 2867 1672 2914 servavi:
1715 2866 1781 2912 85
1803 2861 1835 2925 5,

195 2951 314 3015 91⁷,
356 2950 492 3015 92¹²,
534 2951 670 3016 921³,
713 2952 831 3004 95¹.
