2300 3528
367 699 465 735 160

367 1170 471 1205 16B

365 1760 462 1796 218

508 267 552 301 18
1188 262 1434 299 ASCONIVS

507 362 669 404 consul
702 361 811 412 fuit3
845 360 1158 414 triumphavit
1178 371 1262 414 pro
1295 372 1385 401 cos.
1419 360 1478 401 de
1517 360 1757 415 Hispania,
1791 360 1844 413 Q.
1878 361 2127 404 Hortensio

507 437 560 490 Q.
588 437 773 478 Metello
806 435 990 478 Cretico
1023 448 1150 489 coss,
1173 436 1315 478 annis
1342 436 1408 477 VI
1423 438 1531 478 ante
1554 435 1794 479 Ciceronis
1815 439 2126 481 consulatum.

1118 529 1198 572 PA
1214 530 1326 572 VLO
1356 529 1520 573 POST

597 616 640 667 (ξ
673 614 760 665 65.)
803 614 1018 655 Instant
1058 617 1174 667 post
1214 614 1496 656 hominum
1541 615 1859 658 memoriam
1897 628 2126 671 appara-

507 691 706 732 tissimi
739 691 1404 745 magnificentissimique
1437 691 1576 744 ludi,
1610 692 1803 746 quales
1834 705 1939 734 non
1971 692 2127 735 modo

507 779 803 821 numquam
846 768 1090 821 fuerunt,
1138 768 1231 809 sed
1278 780 1343 810 ne
1391 780 1493 821 quo
1541 768 1695 810 modo
1728 768 1858 811 fieri
1905 769 2128 824 quidem

507 843 734 898 posthac
766 844 995 898 possint,
1029 855 1246 898 possum
1280 844 1393 885 ullo
1425 847 1585 899 pacto
1616 845 1912 899 suspicari.

596 920 676 962 Cn.
700 921 910 975 Pompeii
937 921 1071 962 ludos
1102 921 1349 975 significat,
1377 921 1548 975 quibus
1570 922 1807 964 theatrum
1830 934 1859 964 a
1878 934 1928 965 se
1951 923 2128 966 factum

507 998 764 1039 dedicavit:
808 998 978 1052 quibus
1014 998 1137 1040 ludis
1179 998 1538 1052 elephantorum
1580 1011 1788 1053 pugnam
1821 999 2003 1054 primus
2034 1012 2129 1043 om-

507 1075 638 1116 nium
672 1075 803 1116 dedit
834 1075 882 1116 in
916 1074 1065 1117 Circo.

1023 1169 1155 1211 VER.
1191 1170 1229 1211 A
1259 1168 1453 1212 NOVIS.
1486 1170 1612 1213 DCX

596 1271 639 1322 (ξ
673 1269 760 1322 68.)
808 1269 900 1311 Est
945 1270 1167 1323 quidam
1214 1269 1458 1313 Graecus
1504 1272 1596 1325 qui
1644 1284 1762 1314 cum
1810 1273 1915 1314 isto
1962 1273 2130 1327 vivit,

506 1346 674 1400 homo,
707 1359 837 1388 vere
880 1349 936 1388 ut
977 1347 1159 1389 dicam
1189 1373 1247 1377 —-
1278 1348 1358 1390 sic
1391 1349 1538 1390 enim
1581 1349 1815 1403 cognovi
1847 1373 1904 1379 —-
1942 1349 2130 1392 huma-

507 1436 624 1477 nus,
659 1424 753 1465 sed
786 1424 1012 1477 tamdiu,
1041 1424 1312 1477 quamdiu
1344 1428 1438 1467 aut
1468 1438 1589 1467 cum
1622 1426 1753 1468 aliis
1784 1429 1868 1469 est
1888 1429 1983 1468 aut
2013 1426 2131 1482 ipse

507 1513 706 1543 secum.

594 1577 921 1620 Philodemum
953 1578 1200 1632 significat,
1234 1579 1314 1632 qui
1348 1579 1436 1620 fuit
1460 1579 1722 1634 Epicureus
1753 1580 1836 1622 illa
1867 1582 2021 1622 aetate
2052 1593 2131 1622 no-

507 1654 775 1707 bilissimus,
809 1655 943 1696 cuius
974 1657 1022 1696 et
1052 1657 1270 1709 poemata
1299 1657 1408 1697 sunt
1438 1655 1630 1697 lasciva.

915 1753 1026 1796 CIR.
1061 1754 1193 1797 VER.
1226 1754 1267 1796 A
1297 1753 1491 1797 NOVIS.
1526 1753 1727 1797 CCCXX

598 1858 641 1909 (ἓ
674 1857 762 1909 82.)
797 1854 1157 1910 Quamquam,
1191 1857 1332 1910 quod
1365 1856 1431 1898 ad
1465 1868 1546 1898 me
1579 1857 1802 1910 attinet,

516 1947 846 1988 «numquam
879 1935 1040 1976 istam
1067 1934 1388 1975 imminuam
1415 1935 1618 1987 curam,
1642 1934 1940 1977 infitiando
1973 1934 2130 1978 tibi».

550 2012 553 2020 ¹
596 2012 745 2066 Prope
777 2012 931 2053 notius
963 2014 1033 2053 est
1074 2023 1216 2071 quam
1262 2014 1313 2052 ut
1353 2011 1660 2053 indicandum
1691 2011 1752 2052 sit
1781 2011 1909 2053 hunc
1939 2023 2131 2054 versum

509 2102 608 2131 esse
639 2089 690 2130 L.
723 2088 838 2131 Acci
869 2090 1035 2143 poetae
1068 2090 1115 2130 et
1145 2088 1240 2130 dici
1273 2101 1301 2130 a
1331 2088 1536 2141 Thyeste
1566 2087 1722 2130 Atreo.

598 2188 725 2216 2.annis
739 2187 783 2215 VI
797 2187 1014 2222 Lichtens'eldt,
1032 2194 1088 2214 om.
1104 2188 1134 2214 C.
1187 2189 1212 2213 3.
1223 2186 1362 2213 PAVLO
1382 2185 1487 2213 POST
1506 2186 1810 2220 Kiesslinq-Schoell,
1827 2194 1883 2215 om.
1901 2188 1931 2215 C.
1985 2189 2011 2215 6.
2021 2179 2086 2227 un}
2098 2189 2132 2216 P.

509 2249 570 2276 quo
594 2241 653 2269 Cic.
672 2244 700 2267 ec
719 2240 790 2267 add.
810 2241 894 2274 qu,
917 2240 970 2266 sed
989 2240 1056 2272 del„
1079 2247 1136 2266 om.
1160 2240 1189 2267 C.
1244 2238 1373 2272 quidem
1393 2238 1463 2266 fieri
1483 2240 1518 2272 P,
1537 2239 1607 2266 fieri
1628 2239 1723 2273 quide
1744 2240 1787 2267 M.
1858 2242 1884 2267 7.
1902 2247 2031 2274 possum
2048 2241 2129 2275 ΡΜ,

509 2296 641 2329 possunt
660 2295 689 2321 S.
743 2293 836 2320 modo
856 2293 891 2325 Ρ,
913 2293 966 2319 sed
985 2300 1064 2319 corr.
1084 2293 1167 2325 Pmy.
1258 2294 1299 2318 11.
1318 2299 1374 2318 om.
1394 2292 1436 2318 M.
1491 2291 1527 2318 A.
1547 2291 1646 2318 vlss.
1672 2293 1695 2318 S
1703 2292 1736 2319 P.
1827 2294 1869 2319 12.
1898 2291 2026 2326 quidem
2054 2294 2134 2321 PM.

511 2351 552 2375 14.
572 2347 722 2381 quamdiu
741 2347 809 2379 Cic„
827 2354 883 2373 om.
902 2347 931 2373 C.
987 2348 1028 2372 16.
1042 2344 1193 2372 ἧίοᾱθηιῦ
1211 2345 1246 2378 Ρ,
1263 2344 1330 2372 filio
1347 2344 1472 2372 demum
1494 2345 1567 2371 SM.
1605 2344 1787 2378 epioni-reus
1807 2345 1837 2372 S.
1898 2346 1940 2372 17.
1952 2345 2092 2374 lascivia
2104 2347 2134 2374 S.

511 2404 552 2429 18.
572 2409 628 2428 om.
647 2401 689 2427 M.
744 2399 892 2428 Anvos.
912 2400 935 2426 S
942 2400 975 2426 P.
1048 2401 1090 2425 20.
1110 2398 1143 2425 in
1163 2397 1311 2426 faciendo
1332 2399 1361 2425 S.
1434 2400 1476 2425 21.
1495 2397 1702 2425 indicandum
1719 2406 1751 2432 p,
1775 2396 1982 2425 iudicandum
2008 2399 2039 2426 0.

559 2518 577 2552 1
617 2517 754 2552 consul
788 2517 877 2552 fuit:
916 2527 949 2551 a.
988 2516 1057 2551 61:
1090 2516 1191 2552 Cic.
1230 2516 1282 2550 ad
1354 2527 1392 2550 η.
1431 2516 1466 2550 Ῑι.
1504 2514 1610 2559 VIII,
1645 2515 1700 2550 19.
1735 2515 1898 2559 (Romae
1930 2525 2133 2561 pugnasse

2166 1090 2212 1126 10

2169 1515 2215 1551 15

2168 1955 2215 1991 20

511 2577 588 2612 Att.
615 2577 633 2611 I
660 2577 715 2620 13,
742 2578 774 2611 6.
1354 2574 1574 2609 Fenestella
1587 2574 1704 2608 tradit
1718 2574 1885 2618 primum
1900 2574 2073 2609 omnium
2092 2575 2133 2610 in
2175 2607 2179 2611 .

559 2636 626 2670 1-2
653 2636 695 2677 Q.
722 2635 930 2669 Hortensio
953 2634 995 2675 Q.
1016 2633 1172 2668 Metello
1196 2633 1283 2668 Cre—
1353 2633 1477 2677 Circo,
1491 2632 1643 2668 Claudii
1664 2632 1821 2667 Pulchri
1839 2633 2042 2668 aedilitate
2067 2643 2133 2668 cu-

512 2696 588 2730 tioo
617 2704 733 2729 coss.:
760 2704 792 2728 a.
820 2694 876 2728 69.
1354 2692 1438 2736 ruli,
1464 2692 1512 2726 M.
1528 2691 1712 2735 Antonio,
1731 2691 1776 2725 A.
1794 2691 1995 2726 Postumio
2022 2701 2132 2737 coss„

558 2754 580 2788 8
605 2753 672 2788 Cn.
695 2753 871 2797 Pompeii
889 2752 1019 2787 ludos:
1039 2762 1072 2786 a.
1096 2752 1141 2786 55
1159 2751 1221 2786 die
1241 2752 1284 2786 12
1355 2761 1457 2785 anno
1485 2751 1600 2786 Urbis
1626 2751 1914 2786 sexcentesimo
1941 2751 2132 2796 quinqua-

512 2813 616 2858 Aug.
643 2823 680 2847 v.
707 2811 785 2848 Cal.
812 2811 929 2846 Amit.
962 2814 1001 2846 et
1026 2811 1099 2845 All.
1130 2811 1224 2846 CIL.
1243 2810 1286 2849 ‚12
1355 2810 1506 2855 gesimo
1530 2809 1693 2854 quinto).
1791 2853 1794 2856 Δ

512 2880 548 2914 p.
574 2869 660 2904 324:
682 2867 777 2904 Cic.
796 2868 847 2902 ad
871 2868 948 2902 Att.
967 2867 1039 2901 VII
1066 2868 1098 2912 1,
1116 2868 1158 2911 33
1175 2866 1284 2901 Sen.
1403 2869 1447 2903 12
1466 2868 1533 2902 Est
1551 2867 1708 2912 quidam
1726 2867 1902 2903 Graecus
1918 2871 2010 2903 ete:
2031 2867 2129 2903 Cic.

512 2929 567 2963 br.
594 2930 658 2962 vit.
685 2927 746 2971 133
782 2927 903 2961 Plut.
932 2927 1066 2971 Pomp.
1101 2926 1164 2970 523
1189 2926 1224 2960 D
1239 2927 1284 2961 io
1355 2928 1397 2961 in
1422 2927 1501 2961 Pis.
1527 2926 1583 2971 29,
1607 2926 1667 2970 703
1687 2937 1763 2971 pro
1781 2926 1875 2962 Sest.
1890 2926 1946 2971 10,
1960 2926 2029 2971 233
2041 2928 2134 2971 post

513 2986 682 3023 XXXIX
702 2987 765 3032 383
788 2985 1067 3021 Fenestella
1086 2996 1145 3031 ap.
1161 2985 1285 3020 Plin.
1357 2985 1435 3020 red.
1455 2987 1497 3020 in
1521 2995 1599 3021 sen.
1622 2985 1733 3031 6,14;
1758 2985 1804 3020 de
1822 2985 1890 3030 fin.
1917 2984 1955 3021 II
1975 2985 2130 3031 35,119·.
