2300 3528
318 438 417 473 14B

274 886 413 920 ·140

317 1535 361 1569 13
383 1534 448 1569 KS

485 251 537 296 '16
1175 258 1422 297 Ascomvs

492 356 612 398 libro
645 356 714 397 III
737 348 795 397 de
817 356 918 398 vita
938 356 1098 410 populi
1121 355 1187 410 R.,
1210 369 1303 416 quo
1326 357 1428 398 loco
1454 356 1601 398 refert
1622 369 1763 410 quam
1788 358 1952 410 gratus
1972 354 2117 399 fuerit

493 444 607 486 erga
637 433 757 474 bene
790 433 993 486 meritos,
1021 433 1137 494 dicit
1161 433 1403 486 Muttinae,
1431 434 1555 487 quod
1581 433 1631 475 in
1662 433 1824 476 Sicilia
1854 445 1964 475 cum
1985 432 2115 488 equi·
2191 428 2195 462 j

492 511 591 550 tatu
624 521 706 550 suo
738 510 991 551 transierat
1016 510 1076 551 ad
1103 522 1199 564 nos,
1227 510 1470 552 civitatem
1497 510 1671 552 Romae
1696 510 1855 552 datam
1881 507 2134 564 aedesque

493 588 540 627 et
564 586 815 640 pecuniam
848 599 909 628 ex
940 587 1138 629 aerario.
1202 587 1451 630 videamus
1482 589 1641 629 tamen
1672 599 1787 629 num
1819 587 1925 630 ideo
1951 585 2116 629 Cicero

493 662 620 703 dicat
650 663 752 716 sibi,
785 663 909 716 quod
942 666 1082 704 antea
1114 664 1246 717 nulli,
1274 664 1466 705 domum
1492 664 1696 718 pecunia
1726 664 1918 718 publica
1948 675 2010 706 ex
2040 675 2116 706 ae·

494 739 619 780 rario
650 740 961 800 aedificatam,
989 741 1102 794 quia
1133 741 1228 782 illis
1259 743 1340 782 aut
1379 742 1510 783 locus
1541 741 1730 795 publice
1762 741 1900 783 datus
1930 741 2004 795 sit,
2035 742 2119 783 aut

493 816 670 870 domus,
704 829 825 870 quae
851 830 944 858 non
967 817 1156 859 fuerant
1177 830 1354 872 eorum,
1378 821 1570 872 propter
1591 818 1696 860 illos
1716 818 1906 872 publico
1927 821 2118 873 sumptu

493 893 795 935 aedificatae:
824 893 1054 936 Ciceroni
1100 895 1279 949 domus,
1322 907 1445 948 quae
1487 895 1643 937 fuerat
1683 895 1830 949 ipsius
1872 897 1920 936 et
1958 894 2118 937 diruta

492 973 633 1023 atque
666 970 860 1012 incensa
892 974 994 1012 erat
1026 974 1073 1012 et
1103 974 1380 1013 consecrata
1417 972 1606 1026 publico
1648 974 1838 1026 sumptu
1869 971 2120 1014 aedificata

492 1047 571 1088 sit:
606 1048 729 1100 quod
753 1060 930 1090 novum
963 1050 1010 1090 et
1030 1048 1142 1090 huic
1164 1049 1317 1103 primo
1350 1051 1431 1090 aut
1452 1049 1608 1090 adhuc
1630 1049 1773 1091 etiam
1797 1049 1883 1090 soli
1905 1048 2117 1103 contigit.

877 1141 990 1185 CIR.
1024 1143 1157 1185 VER.
1191 1143 1232 1185 A
1263 1142 1457 1186 NOVIS.
1489 1142 1736 1186 DCCCXX

582 1226 625 1277 (ξ
658 1225 746 1278 58.)
781 1224 819 1267 O
856 1226 1059 1267 stultos
1096 1225 1380 1280 Camillos,
1423 1225 1636 1280 Curios,
1674 1225 1982 1280 Fabricios,
2023 1192 2145 1268 Ca?-

492 1301 714 1355 latinos,
757 1300 1064 1356 Scipiones,
1111 1302 1426 1356 Marcellos,
1472 1302 1754 1344 Maximos!
1789 1315 1814 1344 o
1847 1304 2119 1346 amentem

492 1379 741 1434 Paulum,
788 1379 1061 1421 rusticum
1103 1379 1354 1433 Marium,
1401 1380 1613 1421 nullius
1659 1379 1886 1421 consilii
1933 1362 2120 1434 patres

493 1455 686 1498 horum
719 1456 1002 1502 amborum
1037 1457 1345 1510 consulum,
1380 1457 1472 1510 qui
1505 1456 1940 1511 triumpharunt!

581 1532 802 1574 Diximus
833 1531 1255 1575 hancorationem
1298 1545 1398 1575 esse
1440 1533 1615 1575 dictam
1657 1532 1739 1575 Cn.
1772 1532 1994 1587 Pompeio
2025 1531 2120 1574 Ma-

495 1622 586 1664 gno
619 1609 665 1650 II
696 1610 754 1651 M.
778 1608 943 1652 Crasso
975 1609 1021 1650 II
1048 1621 1161 1651 coss.
1223 1609 1434 1663 Pompeii
1460 1612 1596 1663 pater
1621 1610 1744 1651 bello
1777 1609 1941 1652 Italico
1967 1609 2027 1652 de
2047 1605 2119 1665 Pi-

442 1726 445 1728 ,
495 1687 723 1740 centibus,
746 1686 804 1728 M.
828 1685 981 1728 Crassi
1005 1689 1140 1740 pater
1170 1687 1218 1728 P.
1246 1685 1440 1728 Crassus
1471 1689 1579 1728 ante
1606 1687 1784 1728 bellum
1810 1686 2029 1728 Italicum
2061 1685 2120 1728 de

495 1764 716 1818 Hispanis
747 1764 1073 1818 triumphavit.

950 1846 1062 1889 CIR.
1096 1847 1229 1889 VER.
1262 1847 1303 1889 A
1334 1846 1472 1889 NOV.
1506 1846 1671 1889 DCLX

586 1925 629 1976 (ἕ
656 1924 744 1976 62.)
778 1924 979 1965 Eadem
1012 1924 1326 1978 cupiditate
1359 1925 1448 1966 vir
1478 1937 1682 1966 summo
1714 1923 1939 1978 ingenio
1970 1935 2120 1979 prae-

496 2001 664 2054 ditus,
703 2000 753 2043 C.
788 2000 966 2054 Cotta,
999 2001 1157 2042 nullo
1190 2003 1342 2042 certo
1374 2001 1528 2043 hoste
1561 2001 1859 2055 flagravit.
1932 2012 2121 2042 eorum

497 2080 696 2119 neuter
727 2078 1122 2132 triumphavit,
1156 2078 1297 2132 quod
1330 2078 1500 2119 alteri
1533 2078 1693 2120 illum
1725 2077 1986 2120 honorem
2017 2077 2120 2120 col·

497 2155 641 2208 lega,
676 2155 842 2196 alteri
876 2166 1019 2196 mors
1050 2155 1309 2209 peremit.

585 2262 609 2287 2.
629 2226 790 2300 muftftinae
809 2260 843 2293 Ρ,
867 2259 1009 2286 mutinae
1030 2261 1060 2293 S,
1083 2259 1221 2287 murtine
1242 2260 1285 2292 M,
1308 2259 1448 2287 murrinc
1471 2260 1534 2287 ΜΞ.
1624 2262 1650 2288 3.
1670 2266 1730 2287 noc
1748 2260 1803 2287 P1.
1875 2260 1901 2287 ¹1.
1919 2258 2025 2286 fflerat
2043 2258 2122 2286 PM.

497 2314 625 2347 propter
653 2313 822 2346 Beraldus,
853 2320 916 2346 qua
944 2315 1071 2346 propter
1095 2314 1125 2340 C.
1183 2313 1240 2340 illo
1260 2314 1290 2340 S.
1398 2315 1422 2340 9.
1443 2315 1630 2340 consecrato
1650 2313 1680 2340 S.
1787 2315 1829 2340 11.
1849 2320 1906 2340 om.
1924 2313 1967 2339 M.
2021 2310 2123 2339 cmc.

497 2365 612 2393 VERS.
632 2367 664 2393 P.
750 2369 791 2393 12.
810 2365 923 2393 Ourios
947 2366 1016 2399 Cic„
1040 2366 1140 2393 furios
1165 2366 1195 2393 C.
1278 2368 1319 2394 13.
1339 2366 1511 2393 Marcellos
1530 2367 1586 2400 1³³,
1609 2366 1797 2394 marcellum
1821 2366 1851 2394 C.
1905 2372 1939 2406 ξφ
1957 2372 2124 2406 ornamen-

510 2409 526 2428 e

497 2439 561 2477 tum
582 2438 616 2470 P,
640 2444 674 2463 so
695 2439 915 2464 oruamentum
936 2438 967 2470 S,
990 2438 1275 2472 ornanlcntumsts,
1299 2439 1458 2465 amentem
1485 2438 1544 2465 Cic.
1646 2439 1688 2464 14.
1702 2436 1855 2464 rusticum
1872 2445 1905 2471 p,
1929 2436 2068 2464 ruscium
2092 2436 2123 2464 C.

498 2492 538 2517 15.
559 2490 723 2517 amborum
744 2491 818 2524 Pmy
827 2491 848 2523 ³,
871 2497 1002 2517 avorum
1028 2491 1057 2517 C.
1131 2492 1172 2517 20.
1193 2498 1249 2516 om.
1269 2491 1311 2517 M.
1384 2493 1425 2517 22.
1445 2490 1476 2517 C.
1501 2491 1571 2523 Cic„
1595 2498 1651 2518 orn.
1675 2491 1705 2518 C.
1759 2489 1913 2524 flagravit
1931 2490 1979 2517 P⁸
1997 2489 2034 2516 in
2047 2497 2120 2523 ras„

496 2563 574 2571 .....
593 2545 624 2577 S,
811 2544 889 2570 PM.
963 2545 1005 2570 24.
1024 2543 1161 2577 peremit
1180 2545 1210 2577 S,
1234 2543 1356 2571 ademit
1374 2545 1408 2577 P,
1432 2543 1551 2571 edemit
1569 2545 1612 2571 M.
1745 2529 1751 2537 ¹

544 2626 566 2660 2
584 2626 678 2660 dicit
699 2625 892 2660 Muttinae
911 2628 1002 2660 etc:
1024 2635 1057 2659 a.
1072 2625 1151 2660 210.
1174 2625 1270 2659 Liv.
1348 2625 1675 2671 Triumph.;Va1.
1695 2625 1810 2661 Max.
1825 2625 1878 2661 VI
1895 2626 1980 2671 9,9;
1997 2625 2122 2661 Plin.

497 2685 646 2720 XXVII
671 2685 702 2729 5,
731 2685 770 2719 7:
810 2685 996 2719 Muttines
1031 2685 1148 2719 etiam
1180 2684 1276 2718 civis
1349 2695 1387 2719 η.
1407 2686 1442 2719 h.
1465 2685 1548 2730 VII,
1569 2685 1655 2729 1153
1679 2684 1800 2719 Vell.
1826 2684 1989 2721 Pat.-11
2005 2685 2063 2730 65,
2083 2685 2124 2730 33

499 2745 697 2779 Romanus
723 2743 861 2787 factus,
888 2744 1095 2788 rogatione
1130 2743 1179 2778 ab
1213 2743 1276 2777 tri·
1350 2743 1446 2779 Gell.
1464 2744 1535 2779 XV
1553 2744 1585 2789 4,
1600 2744 1640 2788 33
1658 2743 1747 2778 Dio
1766 2743 1897 2779 XLIII
1914 2745 1955 2780 51
1969 2757 1979 2790 .·,
1994 2743 2124 2779 XLIX

498 2804 603 2838 buno
629 2803 754 2848 plebis
780 2813 830 2837 ex
862 2802 1096 2837 auctoritate
1122 2805 1276 2850 patrum
1349 2803 1404 2837 21.

500 2864 549 2898 ad
563 2863 718 2908 plebem
734 2862 825 2896 lata.
840 2861 914 2897 Cfr.
931 2861 1136 2896 XXXVIII
1149 2862 1206 2906 41,
1221 2861 1276 2895 12.
1398 2862 1442 2896 18
1458 2862 1507 2897 M.
1523 2861 1650 2898 Crassi
1668 2866 1780 2907 pater
1793 2853 1838 2898 P.
1858 2862 2018 2898 Crassus
2036 2866 2123 2899 θεας

548 2922 591 2957 17
634 2921 810 2966 Pompeii
851 2923 962 2964 pater
997 2920 1099 2954 bello
1141 2920 1277 2954 Italico
1352 2931 1385 2955 a.
1412 2922 1475 2956 93:
1501 2921 1578 2956 sch.
1604 2922 1693 2956 Bob.
1709 2932 1786 2966 pro
1812 2922 1905 2958 Sest.
1923 2923 1989 2967 483
2014 2923 2124 2958 Fasti

502 2981 549 3015 de
575 2981 812 3023 Picentibus,
838 2980 884 3014 25
909 2979 1004 3014 Dec.
1032 2990 1064 3013 a.
1084 2980 1146 3014 89:
1172 2979 1277 3013 Fast.
1358 2980 1656 3025 TriumphOap.
1669 2980 2122 3025 ada.93;Plut.0rass.1.

2155 1060 2201 1095 10

2157 1466 2203 1502 15
