2300 3528
784 217 838 254 IN
866 217 1204 254 MILONIANAM
1775 219 1821 255 57

171 325 450 371 responsum
483 326 599 369 esse,
629 327 691 358 ex
715 315 774 358 iis
806 315 960 358 servis
991 327 1108 370 quos
1140 315 1431 358 nominasset
1462 316 1637 371 partim
1670 315 1819 358 nemi-

169 397 365 444 nem'se
409 387 637 447 umquam
680 392 918 446 habuisse,
950 393 1126 448 partim
1166 393 1519 447 manumisisse3
1557 394 1682 448 dein,
1709 405 1818 436 cum

169 469 410 514 Licinium
454 470 580 526 apud
619 482 668 513 se
701 470 916 525 haberet,
932 503 1024 513 .....
1068 471 1271 514 Lucium
1315 471 1555 526 quendam
1589 471 1647 514 de
1679 471 1819 527 plebe

169 547 233 592 ad
262 547 669 604 corrumpendum
693 548 903 591 indicem
922 548 1132 602 venisse;
1166 561 1261 603 qua
1288 561 1339 591 re
1363 549 1551 603 cognita
1580 549 1630 591 in
1658 549 1820 592 vincla

109 633 134 671 5
169 637 282 674 eum
313 625 509 682 publica
541 637 642 668 esse
685 626 970 669 coniectum.
1050 627 1337 669 decreverat
1377 626 1506 669 enim
1544 629 1737 669 senatus
1770 629 1821 669 ut
1857 624 1903 663 '46
1923 628 1990 664 ΚΒ

169 715 280 748 cum
311 703 557 759 interrege
590 707 638 747 et
671 704 876 747 tribunis
908 705 1062 760 plebis
1083 704 1338 760 Pompeius
1369 705 1507 747 daret
1531 717 1724 759 operam
1758 717 1819 747 ne

168 781 284 838 quid
310 793 456 838 resp.
480 781 757 825 detrimenti
785 785 993 838 caperet.
1058 783 1117 825 ob
1140 782 1226 826 has
1247 783 1540 838 suspiciones
1565 782 1819 837 Pompeius

15 905 17 907 ,
167 859 219 903 in
250 859 577 916 superioribus
602 860 753 903 hortis
778 872 828 903 se
857 861 1184 914 continuerat;
1218 861 1392 904 deinde
1415 873 1476 903 ex
1498 860 1541 903 S.
1565 859 1614 904 C.
1638 860 1817 903 dilectu
1855 891 1901 927 52
1923 891 1956 927 C

0 924 7 1009 ξ
118 956 120 958 ’
166 948 256 994 per
285 937 476 981 Italiam
508 937 671 981 habito
715 950 825 981 cum
860 938 1073 993 redisset,
1106 939 1383 982 venientem
1416 939 1476 981 ad
1509 951 1558 982 se
1590 938 1816 981 Milonem

83 1027 130 1063 10
168 1019 318 1078 unum
349 1015 563 1060 omnium
589 1029 685 1059 non
712 1017 984 1060 admiserat.
1050 1018 1163 1060 item
1191 1029 1302 1060 cum
1328 1019 1520 1060 senatus
1546 1017 1596 1059 in
1628 1017 1815 1072 porticu
1853 1023 1899 1059 52
1917 1023 1954 1059 Β

160 1093 380 1150 'Pompeii
411 1094 672 1137 haberetur
705 1098 758 1137 ut
788 1095 1041 1150 Pompeius
1066 1098 1222 1151 posset
1241 1095 1489 1151 interesse,
1524 1108 1672 1138 unum
1705 1107 1814 1138 eum

165 1171 328 1215 excuti
359 1171 494 1228 prius
525 1184 669 1228 quam
707 1173 757 1215 in
795 1176 1014 1216 senatum
1049 1173 1254 1217 intraret
1285 1174 1500 1217 iusserat.
1583 1174 1674 1217 hae
1707 1176 1818 1216 sunt

165 1249 460 1305 suspiciones
491 1262 610 1306 quas
641 1262 691 1294 se
724 1249 891 1294 Cicero
924 1251 1042 1294 dicit
1072 1252 1426 1307 pertimescere.
1764 1298 1768 1302 ,

257 1329 302 1382 (ξ
336 1329 426 1382 Ή.)
475 1327 620 1382 Quid
668 1329 815 1372 enim
863 1329 1046 1372 minus
1094 1330 1193 1373 illo
1242 1331 1472 1386 dignum
1521 1342 1682 1385 quam
1708 1342 1815 1373 co—

83 1417 129 1454 15
165 1410 300 1462 gere
332 1408 392 1450 ut
422 1419 520 1450 vos
555 1419 678 1450 eum
724 1407 1131 1463 condemnetis,
1175 1408 1230 1451 in
1263 1421 1423 1463 quem
1457 1407 1814 1451 animadver-

165 1485 288 1527 tere
318 1483 439 1540 ipse
472 1486 527 1527 et
558 1496 710 1527 more
753 1485 1026 1546 maiorum
1072 1488 1125 1528 et
1156 1497 1253 1528 suo
1292 1486 1415 1529 iure
1448 1485 1692 1541 posset?
1722 1486 1815 1529 sed

164 1561 452 1618 praesidio
484 1573 603 1606 esse
637 1565 686 1605 et
716 1565 891 1606 cetera.

254 1639 389 1683 Idem
421 1639 471 1683 T.
502 1640 743 1684 Munatius
774 1641 993 1696 Plancus,
1027 1644 1080 1684 ut
1100 1654 1242 1698 saepe
1270 1643 1493 1698 diximus,
1517 1645 1620 1698 post
1651 1643 1815 1685 audita

163 1719 213 1760 et
243 1717 493 1774 obsignata
523 1718 716 1762 testium
748 1720 901 1762 verba
941 1720 1254 1776 dimissosque
1291 1721 1485 1764 interim
1517 1721 1701 1764 iudices
1733 1733 1815 1763 vo·

78 1806 126 1845 20
162 1798 272 1840 cata
307 1797 528 1840 contione
575 1797 848 1841 cohortatus
895 1802 999 1841 erat
1044 1800 1272 1855 populum
1320 1802 1371 1842 ut
1415 1800 1560 1842 clusis
1601 1800 1814 1842 tabernis

162 1877 351 1931 postero
382 1875 470 1934 die·
485 1876 546 1919 ad
572 1876 805 1919 iudicium
832 1877 1018 1920 adesset
1043 1890 1133 1921 nec
1154 1880 1401 1934 pateretur
1422 1878 1546 1921 elabi
1572 1878 1810 1921 Milonem.

254 1956 301 2008 (ξς
333 1953 424 2008 87.)
483 1954 895 1999 Incidebantur
950 1956 1058 1999 iam
1115 1957 1260 2000 dorni
1318 1957 1473 2012 leges
1529 1969 1668 2012 quae
1716 1970 1811 2000 nos

164 2029 345 2090 fliamfl
377 2033 564 2078 servis
595 2033 804 2076 nostris
836 2034 1187 2078 addicerent.

251 2109 552 2166 significasse
578 2111 674 2154 iam
697 2114 810 2167 puto
837 2125 921 2155 nos
943 2113 1086 2156 fuisse
1109 2113 1235 2156 inter
1256 2114 1387 2169 leges
1417 2114 1465 2156 P.
1494 2081 1661 2169 Clodii,
1694 2127 1813 2169 quas

78 2196 126 2235 25
162 2186 290 2231 ferre
327 2191 652 2244 proposuerat,
696 2201 802 2232 eam
836 2203 1025 2246 quoque
1058 2204 1152 2246 qua
1184 2191 1411 2246 libertini,
1454 2192 1537 2247 qui
1579 2204 1674 2234 non
1705 2192 1812 2248 plus

161 2277 305 2322 quam
327 2266 378 2309 in
402 2266 509 2309 IIII
534 2267 749 2310 tribubus
770 2269 1051 2324 suffragium
1075 2270 1307 2324 ferebant,
1331 2273 1520 2325 possent
1546 2271 1595 2313 in
1622 2271 1812 2315 rusticis

161 2331 349 2400 quoque
381 2344 615 2400 tribubus,
649 2358 771 2401 quae
804 2347 1025 2402 propriae
1059 2347 1377 2402 ingenuorum
1410 2351 1532 2403 sunt,
1568 2349 1706 2392 ferre.

250 2544 274 2569 1.
293 2539 344 2569 hin
363 2541 407 2570 M.
479 2543 504 2570 3.
525 2542 695 2570 lieinnium
717 2544 747 2570 S.
826 2546 851 2571 4.
873 2551 997 2572 coi-rum
1010 2565 1141 2573 ........
1162 2547 1192 2574 S.
1249 2546 1280 2573 in
1302 2546 1413 2575 vincla
1433 2555 1490 2575 om.
1510 2549 1539 2575 S.
1613 2550 1638 2575 5.
1659 2547 1808 2577 deereve—

159 2597 210 2624 ηε
229 2595 396 2630 Hotoman,
420 2594 566 2625 decrevit
585 2597 665 2631 PM,
807 2598 835 2625 S.
891 2600 925 2626 ut
945 2606 1003 2626 om.
1023 2600 1052 2627 S.
1137 2603 1162 2627 6.
1185 2599 1311 2628 tribuno
1333 2602 1362 2628 S.
1445 2604 1470 2629 8.
1491 2602 1570 2630 ortis
1591 2603 1614 2630 S
1622 2603 1657 2636 Ρ,
1681 2602 1744 2630 orit
1764 2604 1806 2630 M.

159 2666 287 2695 delectu
305 2667 341 2701 P,
365 2666 490 2696 delecto
511 2669 540 2696 S.
615 2671 657 2696 11.
676 2640 773 2697 ιειιιιιιιιι
796 2670 828 2697 P.
884 2677 957 2699 eum
978 2671 1108 2705 Rinkes,
1134 2673 1200 2699 tum
1226 2674 1256 2700 (ζ
1337 2676 1378 2700 12.
1397 2672 1583 2707 priusquam
1605 2673 1637 2701 in
1658 2676 1805 2702 senatum

158 2719 297 2750 intraret
311 2729 344 2757 p,
368 2720 506 2750 intraret
524 2722 711 2757 priusquam
732 2723 766 2751 in
786 2726 934 2752 senatum
960 2726 991 2759 C,
1015 2725 1161 2754 Clodium
1182 2726 1254 2754 add.
1268 2727 1375 2761 Pmy.²,
1434 2727 1575 2756 iusserat
1601 2729 1683 2762 Ven„
1706 2728 1806 2756 iusse-

158 2775 232 2802 rmt
255 2774 296 2818 G.
360 2776 403 2803 18.
422 2773 474 2802 die
491 2782 526 2803 se
546 2774 658 2804 Cicero
679 2777 714 2811 P,
739 2777 819 2805 dicit
838 2776 950 2807 Cicero
972 2780 1014 2807 M.
1088 2781 1131 2808 15.
1151 2782 1186 2808 ut
1200 2787 1258 2808 vos
1272 2788 1344 2809 eum
1364 2781 1424 2809 Cic.
1439 2782 1525 2810 codd.
1540 2783 1567 2810 E
1580 2777 1647 2816 Τδ,
1662 2784 1697 2811 ut
1707 2791 1804 2811 uuum

162 2826 223 2856 Cic.
242 2827 308 2855 cod.
329 2826 364 2862 Σ,
388 2829 424 2856 ut
442 2835 500 2856 vos
524 2829 585 2858 Cic.
604 2830 669 2857 cod.
688 2831 727 2864 H,
751 2839 823 2859 eum
844 2834 879 2860 ut
898 2839 955 2861 vos
975 2840 1049 2861 eum
1063 2835 1094 2867 S,
1119 2841 1190 2862 eum
1205 2835 1284 2862 PM.
1358 2838 1400 2863 16.
1421 2837 1454 2864 et
1472 2843 1560 2865 more
1586 2837 1740 2872 Cic.SP2',
1764 2846 1804 2866 ex

157 2887 246 2910 more
265 2881 346 2909 PM.
420 2884 516 2911 18-17.
534 2883 591 2911 sed
610 2884 773 2919 praesidio
793 2893 864 2914 esse
889 2886 949 2915 Cic.
963 2887 1050 2916 codd.
1064 2889 1088 2915 A
1102 2889 1137 2922 Ε,
1161 2889 1194 2916 et
1212 2889 1398 2923 pr(a)esidio
1413 2892 1500 2918 esset
1524 2892 1554 2919 (J.
1628 2893 1669 2919 19.
1690 2891 1805 2919 demis-

156 2941 273 2970 sosque
293 2935 324 2964 S.
397 2938 440 2963 21.
459 2943 500 2964 ne
520 2937 595 2965 SM.
650 2938 737 2966 elabi
758 2939 837 2973 ΑΜ,
861 2939 928 2968 labi
954 2942 984 2968 (¹.
1075 2943 1118 2969 22.
1138 2948 1197 2970 nos
1222 2942 1292 2976 cic„
1317 2949 1375 2971 nos
1394 2942 1459 2971 iam
1486 2946 1515 2972 C.
1611 2947 1654 2973 2-1.
1672 2944 1748 2980 lege
1768 2943 1804 2981 Ξῖ)

156 2987 242 3017 clodi
261 2989 292 3016 S.
366 2991 408 3017 26.
428 2988 495 3017 1111
516 2989 662 3020 tribubus
680 2992 995 3028 Kiesslina-Schoell,
1019 2994 1121 3023 tribus
1147 2997 1176 3024 C.

303 3099 334 3135 Q.
355 3099 486 3127 Asconii
506 3100 643 3128 Pediani
668 3102 779 3131 Comm.
1638 3096 1659 3128 8
