2300 3528
32 1128 78 1165 10

32 1596 78 1632 15

722 241 776 281 IN
803 241 1142 280 SCAVRIANAM
1707 240 1753 277 27

204 338 257 385 L.
287 339 368 384 hic
398 338 612 384 Tubulus
643 341 911 396 praetorius
951 340 1041 383 fuit
1081 342 1236 382 aetate
1274 342 1465 394 patrum
1499 337 1757 381 Ciceronis.

116 419 164 464 Is
190 421 386 476 propter
415 419 568 462 multa
608 419 790 474 flagitia
822 431 932 461 cum
975 419 1034 461 de
1066 418 1211 460 exilio
1245 417 1505 460 accersitus
1537 418 1672 470 esset,
1709 419 1760 458 ut

115 496 166 540 in
195 506 392 541 carcere
423 499 692 551 necaretur,
726 508 967 539 venenum
1000 495 1133 538 bibit.

406 627 588 672 CIRCA
617 627 887 672 TERTIAM
923 626 1169 670 PARTEM
1200 626 1241 668 A
1274 624 1464 669 PRIMO

205 731 283 786 (11.
320 732 377 781 1.)
412 731 530 775 Illa
567 730 939 784 audivimus;
982 730 1085 772 hoc
1124 741 1257 773 vero
1300 727 1662 770 meminimus
1694 739 1761 770 ae

113 821 293 866 paene
324 809 589 863 vidimus,
623 808 877 852 eiusdem
912 807 1120 862 stirpis
1152 809 1206 849 et
1237 806 1477 848 nominis
1509 805 1563 847 P.
1598 804 1760 848 Cras-

113 899 267 942 sum,
295 899 363 930 ne
395 887 456 930 in
488 899 692 930 manus
723 885 1019 929 incideret
1050 885 1454 938 inimicorum,
1487 896 1547 927 se
1580 883 1760 939 ipsum

114 965 534 1009 interemisse.

202 1043 294 1087 Hie
325 1042 521 1087 Crassus
553 1042 643 1085 fuit
673 1045 810 1098 pater
841 1041 997 1085 Crassi
1031 1041 1134 1083 eius
1166 1041 1248 1096 qui
1276 1040 1494 1084 aemulus
1520 1039 1762 1095 potentiae

113 1121 200 1167 On.
228 1121 442 1178 Pompeii
481 1121 584 1164 fuit.
653 1120 798 1176 periit
828 1128 990 1163 autem
1034 1120 1084 1162 in
1116 1119 1445 1162 dominatione
1478 1118 1529 1160 L.
1564 1117 1761 1172 Cinnae,

113 1212 224 1244 cum
254 1199 337 1244 ille
377 1202 426 1243 et
467 1185 859 1255 aliosprincipes
905 1198 1189 1253 optimatum
1237 1200 1284 1240 et
1330 1197 1569 1251 collegam
1622 1209 1762 1239 suum

113 1276 197 1322 On.
230 1276 487 1322 Octavium
520 1276 707 1320 occidit.

818 1406 1070 1465 ffSTATIM

204 1513 283 1566 (2.)
315 1511 395 1555 Ac
434 1523 630 1566 neque
673 1510 855 1553 illius
897 1509 1104 1553 Crassi
1148 1509 1364 1551 factum
1410 1508 1765 1563 superioris

114 1589 335 1633 eisdem
366 1589 706 1632 honoribus
738 1600 901 1642 usus,
935 1588 1034 1643 qui
1068 1587 1456 1630 fortissimus
1490 1587 1550 1628 in
1582 1585 1764 1628 bellis

114 1667 358 1722 fuisset,
391 1667 466 1710 M'.
498 1666 776 1722 Aquilius
808 1666 995 1721 potuit
1027 1665 1282 1708 imitari.

201 1744 335 1788 Haec
359 1745 524 1799 verba,
547 1744 721 1799 quibus
753 1742 921 1786 Cicero
944 1755 1074 1786 nunc
1102 1742 1266 1796 utitur,
1300 1754 1368 1784 ac
1400 1753 1620 1796 neque,
1655 1753 1763 1783 eam

112 1823 341 1867 videntur
370 1822 551 1865 habere
587 1824 811 1864 naturam
851 1824 902 1864 ut
932 1821 1082 1864 semel
1118 1820 1230 1875 poni
1270 1832 1364 1862 non
1403 1819 1610 1872 soleant3
1651 1819 1765 1873 quia

112 1903 184 1944 est
213 1900 486 1944 coniunctio
513 1899 807 1943 disiunctiva
828 1901 876 1942 et
906 1910 1098 1954 semper
1124 1898 1331 1953 postulat
1364 1900 1415 1939 ut
1447 1909 1612 1939 rursus
1645 1897 1763 1938 infe-

112 1981 248 2022 ratur
278 1990 495 2033 neque,
530 1980 581 2020 ut
612 1989 723 2021 cum
756 1977 962 2020 dicimus
994 1988 1188 2031 neque
1226 1976 1332 2018 hoc
1374 1987 1556 2030 neque
1599 1975 1763 2017 illud.

201 2146 227 2172 2.
245 2145 282 2172 ut
298 2144 374 2177 SM,
398 2150 438 2171 ne
458 2143 492 2170 P.
591 2145 617 2170 3.
637 2141 766 2170 carcere
786 2143 813 2169 Ρ
822 2143 864 2170 M.
973 2144 998 2168 4.
1019 2150 1076 2169 om.
1098 2143 1139 2169 JI.
1196 2141 1299 2168 CIRC.
1322 2142 1356 2168 Ι).
1453 2142 1479 2168 5.
1499 2140 1558 2168 illa
1579 2141 1761 2172 Manutius,

112 2205 170 2244 om.
193 2198 224 2226 G.
279 2197 427 2226 audimus
447 2198 525 2224 PM.
599 2198 624 2224 7.
644 2196 796 2225 inciderit
816 2197 890 2224 SM.
946 2203 1076 2230 supsum
1099 2196 1148 2223 Sl.
1241 2198 1283 2222 10.
1303 2194 1387 2229 perit
1407 2195 1486 2222 PM.
1561 2197 1642 2230 13-p.
1657 2197 1700 2228 28,
1722 2197 1766 2221 12.

113 2251 249 2280 Asconio
276 2251 472 2279 abiudicavit
498 2251 636 2285 Madvig.
743 2252 785 2278 13.
805 2258 863 2277 om.
883 2251 926 2278 M.
1018 2252 1060 2277 14.
1081 2257 1119 2277 ae
1146 2257 1185 2277 ne
1213 2249 1303 2276 illius
1324 2249 1355 2282 S,
1379 2252 1476 2282 atque
1497 2247 1588 2275 illius
1608 2249 1709 2283 Pmyss,
1732 2251 1766 2275 αι

113 2304 172 2333 ael.
225 2304 347 2333 laetum
366 2305 416 2338 1²³,
434 2303 555 2332 factum
575 2311 680 2338 neque
706 2304 736 2331 C.
811 2305 852 2331 15.
873 2302 999 2331 hisdem
1025 2303 1055 2331 C.
1131 2305 1173 2330 16.
1194 2302 1244 2330 M’.
1264 2302 1448 2335 Manutius,
1466 2301 1498 2328 M
1524 2302 1554 2330 C.
1629 2304 1671 2329 17.
1692 2309 1763 2329 eam

114 2376 250 2411 Poom'uc
269 2377 314 2411 M,
336 2376 423 2405 enlm
443 2377 510 2410 SP,
534 2367 573 2416 ῃᾷ
593 2377 678 2410 Pmy.
778 2377 819 2402 18.
839 2346 935 2415 sssmssl
955 2375 990 2408 P,
1014 2373 1111 2402 simul
1131 2375 1207 2402 SM.
1306 2375 1348 2401 19.
1369 2375 1402 2401 et
1429 2380 1558 2407 semper
1578 2373 1760 2406 Manutius,

114 2428 172 2458 sed
189 2436 316 2465 semper
338 2430 369 2459 0.
443 2432 539 2458 19-20.
559 2429 680 2457 inferat
700 2430 729 2456 S.
822 2431 865 2455 20.
886 2435 989 2462 neque
1017 2430 1051 2455 ut
1078 2435 1149 2455 cum
1172 2427 1310 2455 dicimus
1329 2434 1434 2461 neque
1456 2426 1517 2455 hoc
1538 2427 1707 2460 Ledaeus,
1732 2429 1764 2454 et

116 2489 220 2518 neque
239 2490 311 2512 eum
330 2483 469 2512 dicimus
490 2485 524 2511 ut
544 2490 647 2517 neque
669 2481 730 2510 hoe
756 2483 786 2509 C.

165 2638 184 2672 1
219 2636 263 2672 L.
301 2637 363 2672 hic
413 2637 592 2673 Tubulus
636 2640 735 2672 eto:
773 2638 896 2681 praet.
971 2635 1030 2670 III
1050 2636 1083 2680 3,
1107 2636 1171 2680 103
1203 2635 1315 2670 Tusc.
1342 2635 1375 2670 V
1402 2635 1459 2680 19,
1487 2635 1553 2680 553
1580 2635 1697 2670 Luc.
1725 2635 1763 2670 II

118 2707 152 2732 a.
179 2696 269 2733 142:
306 2696 404 2733 Cic.
429 2697 476 2732 de
499 2696 570 2742 fin.
598 2697 636 2731 II
663 2697 719 2741 16,
759 2695 822 2740 543
848 2694 902 2731 IV
974 2694 1296 2740 1213F10r.111
1321 2695 1385 2740 213
1412 2694 1532 2740 App.
1559 2695 1591 2730 b.
1611 2706 1640 2730 c.
1659 2695 1678 2730 I
1705 2696 1761 2732 72.

116 2755 175 2803 28,
197 2757 262 2802 773
287 2756 321 2792 V
345 2756 403 2802 22,
429 2758 499 2803 623
536 2757 588 2792 ad
612 2756 691 2792 ΑΗ.
720 2754 797 2790 XII
823 2755 902 2800 5103
1022 2755 1067 2790 12
1100 2754 1168 2791 Cn.
1197 2755 1407 2791 Octavium
1435 2755 1601 2792 occidit:
1640 2755 1760 2790 Vell.

116 2815 163 2851 de
195 2817 276 2851 nat.
303 2815 405 2851 deor.
431 2815 450 2851 I
478 2817 536 2861 23,
562 2817 627 2861 633
660 2815 719 2850 III
749 2816 807 2860 30,
838 2815 902 2859 743
975 2816 1080 2851 Pat.
1100 2815 1138 2850 II
1164 2815 1222 2860 22,
1241 2815 1282 2860 23
1309 2815 1450 2850 Auct.
1476 2817 1548 2850 vir.
1567 2816 1622 2850 ill.
1646 2816 1703 2860 69,
1721 2815 1762 2858 23

118 2874 243 2911 Gell.
269 2874 309 2910 II
335 2876 367 2911 7.
975 2875 1102 2910 Plut.
1142 2875 1247 2910 Mar.
1274 2875 1341 2920 423
1374 2875 1495 2920 App.
1534 2876 1566 2910 b.
1593 2886 1623 2910 c.
1651 2874 1669 2909 1
1696 2875 1761 2919 713

166 2935 212 2971 10
236 2936 369 2981 periit:
396 2946 430 2970 a.
457 2935 522 2971 87:
547 2935 674 2971 Plut.
705 2936 833 2970 Crass.
862 2935 902 2979 43
976 2935 1075 2971 Cic.
1097 2934 1760 2979 Tusc.1⁷19‚55;F101·.11121,14.

114 2995 279 3041 perioch.
314 2994 398 3029 Liv.
434 2993 598 3040 LXXX3
633 2994 732 3031 Cic.
770 2994 816 3030 cle
845 3005 901 3030 or.
1024 2995 1069 3029 16
1097 2994 1158 3029 Μ’.
1186 2995 1391 3040 Aquilius:
1419 3004 1524 3030 cons.
1554 3005 1586 3029 a.
1611 2995 1690 3030 101.

1803 639 1845 674 21
1864 637 1933 674 KS
