2300 3528
373 430 417 463 26
437 430 468 462 l›'

504 263 549 298 30
1191 259 1436 298 ASCONIVS

842 427 987 469 POST
1018 427 1177 469 DVAS
1208 427 1434 470 PARTES
1467 427 1787 475 ORATIONIS

505 528 620 570 dicit
651 528 761 570 dein
794 529 852 570 de
884 528 1059 570 Scauro
1092 541 1233 583 quem
1266 529 1496 571 defendit:

592 605 698 658 (45.)
731 604 865 647 Nam
898 617 1022 647 cum
1061 617 1130 647 ex
1172 606 1370 648 multis
1413 617 1557 648 unus
1589 606 1639 648 ei
1670 608 1923 653 restaret
1952 605 2125 648 Dola·-

502 682 670 723 bella
710 684 998 736 paternus
1039 682 1340 736 inimicus,
1398 682 1498 737 qui
1557 695 1686 728 cum
1729 681 1788 735 Q.
1830 681 2126 738 Caepione

466 757 838 813 'propinquo
895 771 991 801 suo
1048 762 1262 801 contra
1316 759 1612 803 Scaurum
1668 762 1908 815 patrem
1959 770 2126 802 suum
2163 767 2186 803 5

335 1918 379 1955 27
399 1919 463 1954 CR

501 836 987 890 subsignaverat:
1021 848 1116 878 eas
1140 834 1450 893 {[ceteras]l
1483 837 1601 880 sibi
1634 836 1991 880 inimicitia-s
2022 847 2126 878 non

500 915 809 967 susceptas
851 913 955 955 sed
989 913 1245 955 relictas
1277 916 1324 955 et
1355 916 1526 956 cetera.

587 988 656 1031 Ne
690 989 807 1031 forte
840 990 1008 1031 erretis
1040 993 1087 1032 et
1118 990 1322 1032 eundem
1355 990 1482 1032 hunc
1513 989 1595 1036 Cn.
1622 990 1922 1032 Dolabellam
1954 990 2128 1045 putetis

501 1077 600 1107 esse
633 1065 682 1107 in
714 1078 856 1120 quem
885 1065 932 1108 C.
967 1065 1181 1108 Caesaris
1214 1067 1451 1109 orationes
1481 1067 1652 1124 legitis,
1686 1067 1808 1110 scire
1831 1079 1916 1110 vos
1946 1069 2129 1122 oportet

500 1143 616 1184 duos
649 1143 814 1184 eodem
847 1155 899 1186 eo
932 1146 1144 1198 tempore
1177 1144 1319 1186 fuisse
1363 1147 1410 1186 et
1440 1144 1749 1200 praenomine
1781 1147 1828 1186 et
1858 1144 2050 1186 nomine
2082 1146 2130 1186 et
2165 1154 2211 1190 10

500 1219 780 1273 cognomine
817 1219 1100 1262 Dolabellas.
1174 1221 1343 1262 horum
1383 1221 1530 1275 igitur
1576 1221 1779 1263 alterum
1830 1221 2127 1263 Dolabellam

500 1294 674 1338 Caesar
707 1297 952 1339 accusavit
983 1309 1072 1339 nec
1099 1297 1377 1351 damnavit,
1398 1298 1602 1342 alterum
1642 1297 1700 1340 M.
1739 1297 1944 1340 Scaurus
1975 1300 2023 1340 et
2053 1309 2126 1340 ac-

500 1373 685 1415 cusavit
711 1376 757 1415 et
789 1374 1047 1416 damnavit.
2102 1361 2107 1366 ⁸

875 1502 1021 1546 POST
1053 1503 1200 1546 TRES
1232 1503 1459 1549 PARTES
1491 1504 1529 1546 A
1564 1503 1753 1547 PRIMO

589 1616 680 1658 quo
713 1605 814 1646 loco
847 1604 1072 1659 defendit,
1100 1605 1223 1659 quod
1250 1607 1347 1649 tam
1375 1605 1679 1659 magnificam
1702 1605 1893 1647 domum
1924 1604 2128 1648 Scaurus
2165 1617 2210 1651 15

501 1681 668 1723 habet:

591 1757 697 1811 (45.)
730 1758 1108 1800 Praesertim
1146 1771 1269 1802 cum
1308 1758 1704 1813 propinquitas
1736 1761 1791 1801 et
1821 1758 2128 1801 celebritas

500 1835 624 1877 loci
657 1835 1075 1889 suspicionem
1109 1836 1383 1881 desidiae
1421 1836 1609 1878 tollat
1647 1838 1744 1878 aut
1774 1835 2126 1891 cupiditatis.

586 1911 943 1955 Demonstrasse
976 1913 1111 1955 vobis
1143 1913 1339 1957 memini
1363 1925 1439 1955 me
1461 1913 1587 1955 hanc
1613 1913 1805 1955 domum
1833 1913 1883 1955 in
1905 1925 1962 1955 ea
1992 1915 2127 1968 parte

499 1988 668 2030 Palatii
714 2001 814 2031 esse
863 2002 998 2043 quae,
1048 2001 1156 2034 cum
1204 1990 1263 2031 ab
1310 1989 1455 2032 Sacra
1496 1990 1577 2032 via
1619 1990 1920 2032 descenderis
1961 1991 2008 2032 et
2042 2001 2129 2044 per
2163 2002 2210 2037 20

498 2066 768 2119 proximum
811 2066 986 2120 vicum,
1020 2066 1101 2120 qui
1135 2068 1204 2108 est
1234 2079 1262 2108 a
1294 2066 1485 2108 sinistra
1517 2069 1665 2121 parte,
1698 2066 1944 2121 prodieris,
1977 2065 2129 2121 posita

589 2222 610 2246 1.
630 2226 686 2246 om.
706 2219 748 2246 M.
821 2222 845 2246 2.
866 2219 944 2246 dicit
964 2219 1144 2252 Manutius,
1168 2219 1250 2246 dixit
1274 2220 1304 2248 C.
1360 2219 1434 2247 dein
1455 2219 1493 2247 de
1513 2220 1544 2252 S,
1568 2219 1683 2247 deinde
1702 2219 1738 2252 P,
1761 2218 1834 2246 dein
1848 2219 1891 2246 M.
1962 2219 2023 2246 8—4.
2041 2217 2127 2246 dolo·

498 2269 584 2298 bella
604 2272 663 2298 SP
681 2271 729 2305 (ut
748 2271 889 2306 semper).
961 2274 986 2300 4.
1006 2271 1196 2306 quicumque
1218 2273 1246 2299 S.
1325 2274 1350 2299 G.
1370 2271 1619 2306 subsignaverat
1638 2272 1820 2305 Mommsen,
1843 2270 2074 2305 obsignaverat
2097 2270 2127 2298 C.

499 2325 623 2351 ceteras
643 2325 673 2357 S,
697 2325 833 2351 steteras
846 2325 925 2357 PM,
944 2324 1001 2352 del.
1014 2324 1172 2358 Kreyssiy.
1227 2324 1289 2351 sibi
1304 2331 1360 2351 om.
1375 2325 1404 2352 S.
1477 2326 1501 2352 7.
1522 2324 1654 2352 relictas
1667 2324 1772 2358 Beier,
1795 2323 1915 2351 relatas
1933 2323 1964 2351 C.
2035 2325 2061 2350 8.
2080 2329 2127 2350 er-

498 2377 578 2404 ratis
597 2378 682 2404 S¹M.
791 2379 815 2404 9.
836 2384 906 2405 esse
925 2377 1043 2411 putetis
1063 2378 1091 2405 S.
1202 2380 1243 2404 10.
1263 2377 1374 2405 eodem
1404 2385 1441 2405 eo
1470 2379 1612 2412 tempore
1646 2378 1748 2410 Clark,
1781 2376 1892 2405 eodem
1922 2378 2064 2410 tempore
2096 2376 2126 2404 C.

498 2434 539 2457 14.
559 2438 579 2457 a
603 2431 719 2464 Baiter,
752 2438 808 2458 om.
842 2432 871 2458 C.
943 2431 1133 2457 continuant
1160 2431 1324 2465 prioribus
1354 2433 1428 2459 SM.
1538 2434 1579 2459 17.
1599 2430 1767 2465 presertim
1796 2431 1830 2457 P.
1939 2432 1982 2458 20.
2011 2429 2064 2457 viia·
2091 2430 2126 2457 P.

502 2486 544 2510 21.
565 2483 603 2510 ab
623 2484 657 2510 P.
712 2482 868 2517 prodieris
886 2491 918 2518 p,
942 2483 1086 2516 proderis
1111 2485 1139 2510 C.

544 2633 565 2666 8
579 2631 638 2667 Ne
651 2632 750 2666 forte
766 2631 900 2666 erretis
919 2634 1005 2666 eta:
1019 2631 1270 2666 Pseudasc.
1345 2630 1384 2676 3'3
1400 2632 1523 2667 Plut.
1542 2632 1643 2667 Caes.
1659 2631 1691 2666 4.
1706 2630 1831 2665 Aliter
1847 2630 2122 2666 Pseudasc.

496 2693 538 2726 in
564 2691 638 2726 div.
665 2691 721 2725 24.
1344 2693 1386 2725 in
1411 2691 1486 2725 div.
1512 2690 1558 2724 24
1584 2693 1623 2725 et
1648 2690 1758 2724 Auel.
1785 2691 1856 2724 vir.
1878 2689 1934 2724 ill.
1954 2689 2060 2734 78‚.2.

544 2751 587 2784 11
622 2750 759 2784 horum
794 2749 916 2795 igitur
954 2750 1118 2784 alterum
1155 2749 1272 2784 Dola·
1393 2749 1437 2783 12
1464 2749 1627 2783 alterum
1654 2748 1703 2782 M.
1730 2747 1901 2783 Scaurus
1938 2750 1976 2783 et
2009 2758 2123 2783 accu-

495 2809 637 2843 bellam
664 2807 807 2844 Caesar
840 2809 1042 2843 accusavit
1066 2819 1140 2843 nec
1166 2809 1272 2843 dam·
1345 2809 1446 2842 savit
1468 2811 1506 2842 et
1527 2807 1754 2844 damnavitz
1771 2806 1867 2842 Cic.
1901 2807 2007 2843 Verr.
2034 2805 2072 2840 II
2090 2806 2123 2846 Ι,

496 2868 625 2902 navit:
652 2878 685 2902 a.
713 2868 775 2912 773
801 2866 914 2901 Tac.
941 2867 1032 2902 dial.
1059 2867 1120 2912 343
1146 2867 1271 2903 Suet.
1345 2868 1401 2911 38,
1428 2868 1491 2911 973
1516 2866 1549 2911 2,
1575 2866 1632 2911 44,
1658 2866 1744 2911 1093
1770 2866 1803 2910 3,
1830 2866 1885 2911 76,
1911 2866 1992 2902 177.

500 2927 602 2962 Caes.
629 2927 668 2971 43
694 2927 756 2971 553
792 2926 911 2962 Vell.
947 2927 1049 2962 Pat.
1085 2926 1123 2961 II
1149 2927 1205 2971 43,
1231 2927 1272 2971 33
1394 2926 1439 2960 15
1465 2925 1569 2970 quod
1590 2928 1670 2959 tam
1691 2925 1943 2970 magnificam
1965 2924 2120 2958 domum

498 2985 623 3020 Gell.
650 2985 955 3030 1V16,83Va1.
984 2985 1107 3020 Max.
1130 2984 1222 3019 VIII
1240 2986 1272 3029 9,
1346 2984 1516 3020 Scaurus
1530 2984 1665 3019 habet:
1683 2983 1780 3019 Cic.
1804 2983 1848 3018 de
1861 2982 1924 3027 off.
1939 2982 2120 3028 139,138.
