2300 3528
547 297 590 329 εκ
1233 287 1478 331 ASOEJNIVS
1548 270 1562 274 „

544 405 635 446 quo
668 396 824 434 autem
858 404 969 434 casu
995 391 1223 433 acciderit
1254 404 1409 445 quave
1451 392 1632 434 ratione
1666 396 1716 434 ut
1746 393 1835 435 hoc
1866 394 1968 436 loco
2000 388 2167 438 Cicero

543 469 631 510 hoc
663 469 810 510 verbo
842 469 908 510 ita
940 480 1051 510 usus
1081 468 1153 521 sit,
1196 468 1476 522 praesertim
1519 480 1627 511 cum
1661 469 1890 512 adiecerit
1921 470 2054 513 illam
2085 482 2167 527 ap-.

541 545 832 599 positionem,
858 548 908 587 ut
930 558 1021 587 non
1044 545 1259 587 intulerit
1279 547 1440 600 postea
1465 545 1681 599 alterum,
1710 558 1863 600 neque
1895 547 2164 602 perspicere

541 623 669 676 potui
702 625 748 664 et
781 623 1120 664 attendendum
1153 634 1253 664 esse
1279 623 1420 664 valde
1446 625 1579 676 puto:
1613 634 1809 665 moveor
1834 623 1962 667 enim
1994 624 2186 678 merita·

540 699 632 741 viri
655 700 948 741 auctoritate.
1006 711 1159 754 neque
1182 699 1346 753 ignoro
1369 698 1623 753 aliquando
1643 699 1732 742 hoc
1753 700 1955 743 verbum
1987 713 2163 756 neque
2201 709 2224 743 5

430 774 502 808 413
539 776 618 818 vel
649 777 795 818 semel
827 777 951 831 poni,
985 779 1036 818 ut
1067 777 1116 818 in
1149 775 1316 818 eadem
1347 776 1438 818 hac
1477 776 1688 818 oratione
1719 779 1830 818 ante
1866 776 1966 832 ipse
1997 776 2162 821 Cicero

539 853 713 907 posuit:
746 852 859 907 Sic,
893 854 1155 907 inquam,
1188 865 1269 907 se,
1303 853 1551 906 iudices,
1594 865 1690 895 res
1730 853 1930 906 habet;
1972 866 2162 909 neque

538 930 645 972 hoc
692 944 720 971 a
765 943 845 972 me
893 943 1095 973 novum
1147 930 1503 985 disputatur,
1556 930 1656 972 sed
1709 931 2034 984 quaesitum
2089 932 2160 975 ab

538 1007 672 1049 aliis
704 1011 802 1049 est.
866 1008 947 1050 sed
979 1007 1069 1050 hoc
1110 1008 1212 1050 loco
1254 1010 1301 1050 et
1341 1007 1442 1049 sine
1483 1007 1828 1062 praepositione
1861 1007 1989 1050 illius
2023 1009 2160 1052 verbi

537 1084 754 1126 videmus
787 1096 885 1126 esse
917 1084 1134 1139 positum,
1168 1086 1215 1126 et
1246 1086 1405 1126 tamen
1431 1084 1564 1138 quasi
1597 1084 1858 1126 secundum
1884 1075 2066 1139 aliquid
2090 1085 2159 1128 in·
2197 1092 2244 1127 10
2292 1142 2293 1145 Ἰ

537 1159 676 1213 ferri.
728 1172 837 1201 nam
862 1172 970 1202 cum
991 1160 1168 1202 dixerit
1192 1172 1388 1214 neque
1420 1160 1523 1202 hoc
1555 1172 1583 1202 a
1610 1172 1697 1202 me
1730 1154 1943 1203 novum
1975 1161 2159 1216 dispu-

535 1238 719 1290 tatur,
754 1237 898 1279 infert
928 1237 1029 1279 sed
1063 1237 1398 1291 quaesitum
1432 1237 1499 1279 ab
1531 1237 1676 1280 aliis
1707 1235 1850 1294 est]

370 1371 415 1404 ⁴22
432 1371 499 1405 ΚΕ
880 1390 882 1393 >
1157 1365 1358 1409 PAVLO
1391 1365 1539 1409 POST

623 1468 699 1519 (2.)
734 1466 890 1519 Quid
923 1478 1055 1509 vero
1087 1466 1327 1508 alterum
1365 1465 1638 1508 Crassum
1671 1467 2018 1522 temporibus
2049 1468 2154 1511 eis·

531 1543 661 1585 dem
694 1556 827 1585 num
860 1545 957 1584 aut
988 1542 1306 1584 clarissimi
1339 1542 1468 1584 viri
1507 1542 1649 1584 Iulii
1683 1545 1782 1584 aut
1817 1555 2042 1586 summo
2074 1544 2154 1586 in·
2194 1554 2238 1588 15

531 1620 694 1674 genio
727 1620 1045 1674 praeditus
1076 1619 1140 1660 M.
1173 1619 1479 1661 Antonius
1510 1619 1710 1673 potuit
1741 1619 2004 1662 imitari?

399 1705 496 1742 <250
618 1697 708 1738 Hic
749 1695 1193 1750 alter-Crassus
1234 1695 1360 1737 idem
1393 1698 1463 1737 est
1499 1695 1557 1737 de
1598 1708 1690 1750 quo
1729 1696 1948 1739 diximus.
2011 1696 2152 1739 alte-

529 1785 652 1815 rum
674 1776 833 1815 autem
856 1785 965 1815 eum
988 1772 1207 1827 appellat,
1223 1772 1335 1826 quia
1352 1774 1460 1814 ante
1478 1773 1766 1815 mentionem
1785 1772 1898 1815 fecit
1917 1772 1964 1815 P.
1983 1771 2152 1828 Crassi,

526 1851 606 1904 qui
640 1851 728 1892 fuit
759 1853 884 1905 pont.
919 1863 1042 1892 max.
1078 1852 1124 1891 et
1154 1849 1279 1891 bello
1300 1849 1556 1891 Aristonici
1583 1850 1632 1891 in
1653 1849 1766 1892 Asia
1797 1850 1929 1892 dedit
1959 1862 2151 1905 operam

528 1930 578 1968 ut
624 1928 932 1969 occideretur.
1023 1927 1208 1968 Iulios
1249 1929 1409 1968 autem
1447 1938 1556 1968 cum
1599 1926 1727 1980 dicit,
1771 1927 1887 1969 duos
1927 1925 2153 1970 Caesares
2189 1938 2235 1975 20

526 2004 694 2046 fratres
734 2003 782 2046 C.
825 2007 872 2046 et
911 2004 961 2046 L.
1008 2004 1267 2057 significat:
1315 2015 1376 2045 ex
1401 2003 1574 2057 quibus
1593 2003 1770 2045 Lucius
1813 2006 1860 2045 et
1899 2004 2064 2046 consul
2104 2006 2152 2046 et

523 2094 690 2123 censor
722 2082 822 2134 fuit,
857 2080 1000 2123 Gaius
1033 2080 1280 2122 aedilicius
1302 2080 1494 2134 quidem
1523 2080 1705 2122 occisus
1737 2082 1818 2134 est,
1852 2080 1934 2122 sed
1965 2082 2149 2123 tantum

523 2159 571 2200 in
604 2159 798 2201 civitate
830 2158 982 2212 potuit
1014 2159 1064 2199 ut
1095 2169 1237 2199 causa
1279 2157 1392 2198 belli
1435 2157 1593 2199 civilis
1635 2157 1873 2199 contentio
1907 2157 2008 2199 eius
2039 2169 2148 2199 cum

522 2235 728 2289 Sulpicio
761 2238 815 2276 tr.
850 2235 1005 2276 fuerit.
1068 2246 1178 2276 nam
1211 2236 1258 2275 et
1283 2233 1504 2287 sperabat
1535 2236 1582 2275 ct
1603 2233 1651 2275 id
1682 2233 1854 2287 agebat
1879 2232 2064 2288 Caesar,
2099 2236 2150 2276 ut

608 2385 667 2408 1-2.
687 2388 788 2415 quave
801 2394 814 2400 -
827 2380 985 2408 adiecerit
1004 2387 1060 2407 om.
1081 2382 1109 2407 S.
1194 2382 1218 2407 2.
1238 2379 1286 2407 ita
1304 2386 1379 2407 usus
1398 2380 1534 2414 Poyyius
1555 2380 1598 2413 M,
1622 2379 1710 2407 fusus
1730 2379 1778 2406 P¹.
1862 2381 1887 2406 3.
1906 2381 1941 2407 ut
1960 2386 2023 2407 non
2043 2379 2146 2407 Kiess-

519 2435 734 2468 lina-,S'nleoelss
758 2436 792 2460 ut
811 2441 926 2460 nomen
946 2435 976 2459 (Ῑ.
1031 2436 1055 2460 ὓ.
1074 2433 1128 2459 vel
1141 2433 1242 2460 semel
1254 2452 1334 2460 .....
1332 2434 1344 2457 1
1345 2433 1367 2465 1,
1390 2431 1424 2459 u}
1437 2432 1501 2459 mel
1521 2434 1551 2459 S.
1605 2434 1630 2459 7.
1646 2432 1692 2467 se]
1706 2431 1762 2459 sed
1781 2433 1810 2460 S.
1866 2434 1891 2459 9.
1911 2434 1944 2460 et
1963 2433 2142 2466 Manutius,

518 2490 551 2514 ut
576 2489 604 2513 Γ.
678 2490 719 2514 10.
740 2486 885 2513 videmus
906 2486 1085 2515 Manutius,
1109 2485 1277 2512 videamus
1301 2487 1330 2512 C.
1386 2484 1478 2518 quasi
1499 2485 1681 2518 Buecheler,
1704 2492 1765 2519 quo
1785 2485 1829 2512 sit
1852 2485 1882 2512 C.
1966 2487 2008 2513 18.
2027 2492 2084 2512 om.
2103 2486 2146 2513 M-

519 2541 559 2566 15.
579 2547 653 2566 num
673 2539 752 2570 Am..
770 2546 843 2565 nam
868 2540 898 2565 (J.
972 2540 1066 2565 15-16.
1086 2537 1221 2571 imperio
1246 2538 1306 2565 Cic.
1379 2540 1421 2565 19.
1434 2544 1515 2571 pene
1538 2543 1621 2564 max.
1635 2537 1665 2564 S.
1701 2536 1781 2564 Asia
1801 2537 1970 2571 Beraldus,
1988 2537 2090 2565 asiam
2115 2537 2145 2566 0.

492 2606 494 2610 ·
518 2596 559 2620 20.
580 2592 676 2620 iulius
697 2593 725 2619 S.
815 2595 857 2619 22.
878 2598 992 2618 censor
1012 2591 1149 2624 Madvig.
1174 2593 1281 2624 pretor
1304 2591 1333 2618 C.
1394 2590 1504 2624 Gaius]
1524 2589 1555 2617 C.
1575 2590 1654 2623 PM,
1678 2597 1748 2617 eum
1769 2591 1798 2617 S.
1890 2592 1931 2618 23.
1951 2597 2048 2619 causa
2066 2591 2142 2624 Poy-

515 2646 587 2679 oins
599 2647 641 2679 M,
666 2652 780 2673 causas
802 2646 866 2672 SP.

564 2784 608 2817 19
632 2782 733 2816 bello
772 2781 981 2815 Aristonici
1020 2783 1117 2815 cto:
1144 2791 1177 2815 a.
1205 2781 1291 2824 1313
1365 2780 1421 2825 10,
1453 2781 1542 2824 1—33
1581 2782 1717 2814 contra
1748 2780 1954 2825 Eutrop.
1992 2779 2046 2815 IV
2071 2779 2141 2825 203

510 2842 675 2887 perioch.
690 2841 773 2875 Liv.
791 2840 896 2885 LIX3
916 2840 1016 2875 Val.
1037 2839 1162 2874 Max.
1181 2839 1239 2873 III
1258 2840 1290 2882 2,
1364 2838 1389 2873 S
1402 2839 1523 2873 trab.
1550 2837 1640 2873 XIV
1664 2838 1744 2873 646.
2121 2877 2125 2883 ⁵

516 2901 576 2944 123
596 2899 821 2934 Frontin.
848 2900 959 2933 strat.
975 2898 1288 2943 1V5,16;F10r.
1411 2898 1454 2933 21
1483 2897 1636 2932 consul:
1663 2907 1697 2931 a.
1723 2898 1788 2942 903
1814 2907 1973 2933 censor:
1998 2908 2032 2933 a.
2058 2898 2116 2934 89.

514 2958 530 2992 Ι
558 2959 613 3001 32⁷),
640 2958 725 3001 4-63
752 2957 779 2991 I.
809 2956 978 3001 Obseq.
1005 2958 1071 3001 873
1100 2957 1230 2992 Oros.
1257 2957 1289 2991 V
1410 2957 1456 2991 ‘2⁶2
1482 2956 1621 2992 Gaius:
1646 2957 1731 2991 aod.
1758 2967 1791 2992 a.
1818 2958 1874 2992 90.

1409 3015 1455 3050 24
1481 3014 1651 3060 Sulpicio
1678 3019 1722 3049 tr.
1749 3014 1819 3060 pL:
1846 3025 1879 3050 a.
1906 3015 1977 3051 88.
