2300 3528
776 234 831 270 IN
859 232 1236 270 CORNELIANAM
1781 232 1827 268 85

0 353 11 397 ζ
182 326 342 384 etiam,
374 333 430 373 ut
459 342 602 385 quem
636 331 838 386 populus
880 331 1152 374 damnasset
1197 331 1338 373 cuive
1386 331 1643 386 imperium
1691 330 1825 372 abro-

181 409 340 464 gasset
370 408 421 450 in
451 411 619 451 senatu
652 421 712 451 ne
744 412 879 451 esset.
944 409 1120 451 tulerat
1142 411 1301 451 autem
1325 421 1432 451 eam
1457 408 1666 451 maxime
1690 420 1826 462 prop-

166 488 257 532 ter
296 484 562 529 simultates
603 498 714 528 cum
742 473 813 539 Q.
847 486 1065 540 Servilio,
1098 486 1180 541 qui
1220 490 1330 528 ante
1372 486 1620 528 biennium
1663 485 1827 527 consul

182 563 341 607 fuerat
371 566 420 606 et
450 563 529 606 cui
561 564 776 618 populus,
805 563 919 618 quia
951 564 1076 606 male
1109 564 1341 606 adversus
1363 562 1580 606 Cimbros
1601 574 1703 605 rem
1725 575 1826 617 ges-

122 647 146 683 5
180 643 323 695 serat,
356 640 609 696 abrogavit
640 641 911 696 imperium.
1158 641 1160 644 ’

270 718 402 762 Dicit
432 718 491 762 de
523 719 789 762 nobilibus:

271 794 383 850 Qui
425 808 539 839 non
588 797 756 839 modo
804 809 933 839 cum
982 796 1170 851 Sylla,
1219 809 1429 839 verum
1477 796 1664 839 etiam
1712 797 1828 838 illo

182 860 416 918 mortuo
463 886 701 929 semper
747 874 858 917 hoc
905 887 1012 929 per
1049 887 1108 917 se
1147 874 1396 917 summis
1428 874 1646 930 opibus
1678 874 1827 916 reti-

182 951 426 994 nendum
477 953 847 1006 putaverunt,
897 951 1331 994 inimicissimi
1375 949 1430 993 C.
1474 950 1670 994 Cottae
1712 952 1826 993 fue—

98 1035 144 1072 lo
182 1031 332 1083 runt,
364 1028 510 1084 quod
555 1028 601 1071 is
638 1028 836 1071 consul
885 1029 1111 1083 paulum
1160 1028 1406 1070 tribunis
1452 1029 1526 1084 pl.
1577 1041 1689 1070 non
1738 1041 1827 1083 po-

182 1106 409 1150 testatis
439 1106 534 1150 sed
567 1106 870 1161 dignitatis
901 1106 1141 1149 addidit.

271 1183 363 1227 Hic
394 1182 543 1238 Cotta,
578 1186 630 1226 ut
661 1187 773 1238 puto
807 1195 887 1226 vos
919 1183 1181 1238 reminisci,
1210 1183 1365 1238 legem
1401 1184 1510 1226 tulit
1543 1187 1594 1226 ut
1626 1185 1830 1227 tribunis

179 1262 244 1318 pl.
276 1262 446 1305 liceret
476 1264 639 1316 postea
670 1261 789 1304 alios
822 1261 1129 1316 magistratus
1161 1273 1356 1316 capere:
1390 1262 1515 1316 quod
1540 1262 1646 1317 lege
1668 1262 1829 1316 Syllae

182 1339 242 1382 iis
273 1342 378 1382 erat
408 1339 701 1394 ademptum.

100 1424 145 1461 15
271 1416 549 1471 Quamdiu
594 1417 822 1472 quidem
866 1417 969 1459 hoc
1006 1417 1190 1459 animo
1223 1429 1358 1471 erga
1391 1429 1487 1459 vos
1529 1417 1629 1459 illa
1674 1417 1830 1472 plebs

182 1495 296 1539 erit
325 1507 432 1550 quo
458 1508 515 1538 se
548 1495 797 1538 ostendit
829 1507 969 1549 esse,
1003 1507 1125 1537 cum
1162 1494 1346 1549 legem
1373 1495 1680 1548 Aureliam,
1708 1508 1828 1538 cum

183 1572 437 1616 Rosciam
469 1585 577 1615 non
610 1573 767 1615 modo
800 1572 1041 1627 accepit,
1075 1573 1170 1614 sed
1203 1572 1373 1614 etiam
1407 1572 1782 1627 efflagitavit.

271 1650 470 1694 Aurelia
500 1650 607 1705 lege
640 1650 994 1693 communicata
1026 1663 1126 1692 esse
1159 1650 1338 1692 iudicia
1370 1650 1497 1692 inter
1519 1652 1762 1693 senatores
1783 1654 1830 1692 et

182 1731 456 1784 equestrem
479 1729 696 1771 ordinem
720 1731 768 1771 et
800 1731 855 1771 tr.
884 1728 1096 1771 aerarios
1126 1740 1280 1782 supra
1311 1727 1542 1771 dioeimus.
1607 1728 1829 1772 Rosciam.

98 1811 145 1849 20
180 1818 292 1851 eam
323 1806 580 1863 siqnificat,
614 1819 709 1862 qua
740 1807 791 1849 L.
826 1806 1021 1849 Roscius
1054 1805 1175 1849 Otho
1208 1806 1402 1849 biennio
1435 1809 1546 1848 ante
1579 1807 1828 1849 confirma-

182 1884 268 1939 vit,
290 1884 342 1927 in
367 1884 554 1927 theatro
579 1887 630 1927 ut
651 1884 892 1939 equitibus
924 1883 974 1926 R.
1008 1884 1150 1926 XIIII
1182 1884 1373 1927 ordines
1404 1884 1651 1940 spectandi
1674 1885 1830 1939 gratia

182 1962 427 2006 darentur.

271 2041 538 2084 Memoria
571 2043 753 2095 tene0,
786 2053 909 2084 cum
942 2041 1181 2096 primum
1215 2044 1505 2084 senatores
1532 2054 1655 2084 cum
1684 2041 1830 2096 equi-

182 2119 334 2164 tibus
365 2119 422 2163 R.
455 2120 579 2174 lege
611 2119 795 2162 Plotia
833 2119 1176 2173 iudicarent,
1211 2119 1495 2162 hominem
1528 2120 1612 2162 dis
1644 2132 1707 2162 ac
1739 2132 1831 2162 no-

270 2215 296 2242 8.
315 2213 456 2242 Servilio
476 2213 639 2248 Sigonius,
672 2212 788 2241 occino
814 2214 844 2241 C.
953 2214 978 2240 5.
999 2213 1172 2247 abrogavit
1203 2212 1372 2246 imperium
1394 2214 1437 2246 M,
1470 2212 1573 2251 impii}
1602 2213 1776 2248 abrogavit
1795 2214 1829 2246 Ρ,

183 2267 356 2304 abrogavit
374 2269 404 2296 S.
512 2269 538 2295 6.
558 2266 638 2294 dicit
657 2266 695 2295 de
716 2266 880 2295 nobilibus
900 2267 924 2294 S
932 2267 1026 2301 ngl„
1057 2275 1114 2294 om..
1135 2267 1213 2294 PM.
1324 2269 1366 2294 12.
1386 2274 1444 2294 vos
1465 2267 1631 2295 reminisci
1650 2267 1832 2302 Kiessliny-

183 2323 314 2356 scheon,
337 2330 394 2350 om.
417 2323 448 2350 0.
558 2323 601 2348 14.
620 2319 671 2348 his
691 2321 765 2348 SM.
876 2323 972 2348 19—20.
992 2328 1089 2355 supra
1108 2320 1258 2349 diximus.
1305 2320 1455 2348 Rosciam
1487 2329 1559 2349 eam
1582 2321 1749 2356 significat
1769 2329 1831 2355 qua

182 2375 496 2411 Κίοεεῑίηο-δσὴοοῖί,
527 2382 623 2409 quam
657 2376 687 2402 C.
796 2377 892 2402 20-21.
921 2374 1127 2402 confirmavit
1155 2374 1318 2409 siqonius,
1353 2382 1439 2403 cons.
1470 2375 1547 2409 (cos.
1566 2374 1604 2406 P)
1634 2375 1778 2402 firmavit
1803 2377 1833 2403 0

185 2432 229 2459 24.
248 2428 396 2458 homines
416 2430 446 2457 S.

232 2509 252 2543 1
269 2510 315 2543 ut
328 2517 446 2553 quem
459 2506 629 2552 populus
643 2506 869 2541 damnasset
884 2510 970 2542 etc:
1046 2505 1192 2541 Auct.
1219 2506 1272 2541 ad
1297 2506 1389 2541 Her.
1417 2506 1434 2541 I
1462 2507 1517 2551 14,
1545 2506 1600 2542 24.

186 2569 252 2604 cfr.
273 2567 557 2611 Mommsen,
576 2565 970 2610 StJe.149·2;111884.
1095 2566 1138 2601 19
1163 2565 1347 2601 Rosciam
1387 2576 1474 2601 eam
1510 2566 1710 2612 sig-nificat
1737 2574 1832 2603 ete:

233 2628 255 2662 3
282 2625 438 2662 consul:
465 2636 498 2660 a.
526 2626 607 2661 106.
1046 2636 1079 2660 a.
1102 2626 1168 2670 67,
1189 2626 1358 2671 perioch.
1377 2625 1482 2660 Liv.
1502 2625 1640 2671 ΧΟΙΧ,
1659 2626 1758 2663 Cic.
1779 2627 1832 2662 ad

232 2687 255 2722 4
279 2685 383 2722 male
428 2685 618 2720 adversus
660 2684 837 2721 Cimbros
878 2689 971 2721 etc:
1044 2686 1122 2720 Att.
1150 2685 1188 2721 II
1217 2686 1271 2731 18,
1290 2686 1331 2731 3,
1358 2686 1460 2721 Phil.
1487 2685 1526 2721 II
1553 2687 1609 2730 18,
1630 2687 1693 2732 44,
1721 2688 1831 2722 Mur.

186 2757 219 2782 a.
239 2746 327 2782 105:
346 2745 515 2791 perioch.
541 2744 646 2779 Liv.
672 2744 835 2788 LXVII,
862 2743 970 2780 Oros.
1046 2747 1101 2791 19,
1119 2746 1183 2791 40,
1201 2745 1316 2781 Hor.
1335 2745 1440 2792 epod.
1459 2746 1512 2781 IV
1532 2746 1667 2791 15-163
1688 2749 1794 2792 epist.
1815 2747 1832 2782 I

185 2805 219 2841 V
245 2806 315 2851 16,
345 2804 466 2840 Vell.
511 2803 618 2839 Pat.
661 2804 698 2839 II
741 2805 808 2841 12:
855 2804 969 2839 Tac.
1046 2807 1077 2851 1,
1104 2806 1174 2851 62,
1213 2806 1299 2841 1)ἰο
1338 2806 1508 2842 XXXVI
1539 2807 1669 2851 421,
1707 2807 1830 2842 Vell.

191 2866 322 2902 Germ.
343 2865 408 2910 37,
435 2863 556 2900 Sall.
584 2865 667 2910 luy.
690 2865 777 2907 114;
804 2863 904 2900 Cic.
926 2864 972 2900 de
1044 2865 1217 2901 Pat.11
1242 2866 1299 2911 32,
1320 2867 1361 2911 3,
1387 2866 1516 2901 Plin.
1545 2877 1584 2901 η.
1606 2867 1642 2901 Ῐι.
1669 2866 1742 2901 VII
1767 2868 1831 2909 30,

186 2936 242 2960 or.
274 2924 313 2960 H
345 2925 402 2970 28,
441 2925 530 2968 1243
555 2924 612 2969 47,
647 2925 739 2969 197,
778 2923 911 2958 Eutr.
938 2923 970 2958 V
1045 2925 1158 2960 Tac.
1196 2936 1290 2960 ann.
1319 2925 1388 2960 XV
1415 2926 1486 2971 32,
1523 2926 1655 2961 Plut.
1687 2926 1760 2961 Cic.
1788 2927 1831 2962 13

190 2983 393 3030 1;,P1ut.
431 2983 526 3019 Luc.
564 2983 634 3029 ‘273
677 2983 770 3018 Dio
808 2983 863 3028 fr.
902 2984 971 3028 91,
1047 2985 1129 3028 (cfr.
1156 2984 1203 3023 H.
1231 2985 1362 3031 Pais,
1389 2985 1483 3030 fast.
1512 2985 1598 3021 trib.
1624 2996 1659 3032 p.
1690 2986 1784 3029 175).

1869 1191 1914 1226 70
1933 1190 2000 1225 ΚΒ

1868 1738 1968 1773 79Β

1869 1816 1968 1851 790
