2300 3528
375 819 467 854 3313

507 258 551 293 36
1193 254 1439 291 ASCONIVS

506 353 615 394 Milo
656 352 939 405 Lanuvium,
967 363 1027 393 ex
1059 363 1151 405 quo
1183 353 1287 392 erat
1318 350 1577 405 municipio
1600 353 1647 392 et
1669 350 1748 392 ubi
1781 353 1881 392 tum
1913 351 2129 406 dictator,

506 429 742 482 profectus
774 430 844 470 est
865 427 925 470 ad
947 427 1187 469 flaminem
1220 427 1515 481 prodendum
1546 429 1734 481 postera
1755 426 1845 469 die.
1923 427 2131 471 occurrit

506 505 549 546 ei
582 505 712 546 circa
741 505 907 546 horam
940 516 1113 546 nonam
1146 502 1338 545 Clodius
1368 503 1509 558 paulo
1532 503 1657 545 ultra
1686 503 1908 558 Bovillas,
1941 503 2131 547 rediens

505 583 564 624 ab
595 581 770 635 Aricia,
803 593 949 636 prope
992 593 1100 622 eum
1133 581 1290 622 locum
1332 580 1381 621 in
1421 592 1512 634 quo
1543 580 1700 622 Bonae
1739 580 1870 622 Deae
1901 581 2129 624 sacellum

505 661 592 710 est3
616 661 719 700 erat
740 661 899 700 autem
922 658 1154 699 allocutus
1186 657 1467 698 decuriones
1485 656 1802 699 Aricinorum.
1865 657 2131 700 vehebatur

505 734 695 777 Clodius
727 747 871 789 equo;
903 734 1031 777 servi
1063 734 1197 782 XXX
1225 733 1324 775 fere
1351 733 1576 788 expediti,
1604 736 1656 776 ut
1680 734 1761 776 illo
1786 737 1999 789 tempore
2029 747 2130 778 mos

505 814 608 854 erat
638 813 730 854 iter
761 811 1059 864 facientibus,
1083 810 1255 864 gladiis
1287 810 1432 852 cincti
1455 810 1790 864 sequebantur.
1853 813 1990 853 erant
2019 823 2129 854 cum
2170 825 2173 828 ·

504 889 665 932 Clodio
698 891 946 943 praeterea
978 890 1074 930 tres
1105 887 1302 929 comites
1323 887 1438 941 eius,
1462 899 1522 929 ex
1542 888 1714 941 quibus
1735 900 1879 942 eques
1910 888 1961 930 R.
1994 900 2128 943 unus,

504 965 551 1008 C.
586 965 835 1008 Causinius
866 965 1049 1019 Schola,
1083 965 1175 1006 duo
1207 964 1266 1006 de
1293 965 1432 1019 plebe
1463 964 1561 1006 noti
1593 964 1822 1019 homines,
1853 965 1902 1007 P.
1934 965 2128 1020 Pompo-

502 1044 621 1097 nius,
660 1043 705 1085 C.
743 1041 945 1085 Clodius.
988 1042 1099 1083 Milo
1142 1041 1288 1083 raeda
1318 1041 1585 1083 vehebatur
1615 1053 1723 1083 cum
1762 1053 1911 1084 uxore
1941 1041 2128 1097 Fausta,

503 1121 601 1162 filia
632 1120 681 1162 L.
715 1119 873 1173 Syllae
905 1118 1162 1172 dictatoris,
1195 1120 1242 1160 et
1272 1118 1330 1160 M.
1364 1118 1495 1159 Fufio
1528 1118 1764 1160 familiare
1800 1131 1897 1161 suo.
1965 1130 2128 1174 seque-

464 1228 471 1242 .
503 1198 644 1239 batur
674 1209 752 1239 eos
784 1209 1010 1250 magnum
1042 1207 1290 1238 servorum
1322 1207 1507 1248 agmen,
1541 1195 1666 1237 inter
1696 1208 1812 1250 quos
1843 1195 2130 1250 gladiatores

2165 1048 2211 1083 10

503 1286 689 1328 quoque
723 1276 872 1327 erant,
906 1286 965 1315 ex
999 1273 1170 1327 quibus
1202 1273 1293 1315 duo
1330 1273 1442 1327 noti,
1464 1272 1705 1314 Eudamus
1727 1275 1774 1314 et
1792 1273 1961 1315 Birria.
2022 1273 2056 1315 ii
2078 1273 2129 1316 in
2194 1294 2196 1296 ·

503 1351 667 1392 ultimo
685 1351 874 1405 agmine
897 1350 1079 1392 tardius
1101 1352 1266 1392 euntes
1287 1361 1396 1391 cum
1413 1349 1564 1392 servis
1584 1348 1632 1391 P.
1657 1348 1808 1391 Clodii
1830 1349 1986 1391 rixam
2003 1361 2127 1392 com-

502 1428 745 1470 miserunt.
808 1428 866 1469 ad
899 1439 1040 1481 quem
1074 1427 1329 1469 tumultum
1363 1438 1471 1468 cum
1505 1426 1790 1480 respexisset
1821 1425 2012 1468 Clodius
2042 1427 2127 1469 mi-

501 1505 803 1559 nitabundus,
827 1517 1045 1547 umerum
1079 1505 1180 1546 eius
1205 1504 1360 1546 Birria
1393 1503 1581 1557 rumpia
1612 1503 1812 1545 traiecit.
1875 1503 1987 1545 inde
2019 1515 2128 1550 cum

501 1584 604 1624 orta
636 1584 757 1623 esset
788 1594 960 1636 pugna,
993 1582 1153 1635 plures
1178 1567 1422 1622 Miloniani
1450 1582 1775 1622 accurrerunt.
1803 1579 1995 1622 Clodius
2025 1580 2127 1623 vul-

501 1662 693 1701 neratus
715 1659 763 1700 in
787 1659 1035 1701 tabernam
1058 1658 1325 1712 proximam
1348 1658 1401 1699 in
1423 1657 1669 1699 Bovillano
1692 1657 1877 1699 delatus
1898 1659 1981 1700 est.
2002 1657 2127 1711 Milo,

502 1740 552 1779 ut
583 1737 806 1791 cognovit
837 1737 1143 1778 vulneratum
1167 1735 1397 1787 Clodium,
1421 1746 1529 1776 cum
1556 1735 1645 1776 sibi
1667 1734 1979 1788 periculosius
2009 1734 2128 1778 illud

500 1814 643 1856 etiam
676 1814 789 1855 vivo
822 1825 877 1854 eo
910 1813 1122 1854 futurum
1156 1812 1470 1866 intellegeret,
1514 1811 1666 1853 occiso
1709 1813 1868 1853 autem
1901 1823 2127 1866 magnum

499 1891 727 1933 solacium
776 1892 897 1932 esset
943 1891 1205 1944 habiturus,
1258 1889 1441 1931 etiamsi
1493 1886 1739 1930 subeunda
1790 1891 1913 1931 esset
1960 1900 2126 1944 poena,

500 1968 745 2010 exturbari
787 1967 986 2009 taberna
1027 1967 1172 2009 iussit.
1257 1967 1345 2008 fuit
1377 1966 1715 2019 antesignanus
1745 1977 1993 2008 servorum
2025 1965 2128 2008 eius

499 2045 556 2086 M.
581 2045 809 2087 Saufeius,
873 2046 1013 2098 atque
1036 2044 1102 2086 ita
1128 2043 1318 2086 Clodius
1339 2044 1490 2085 latens
1513 2045 1755 2085 extractus
1776 2045 1846 2085 est
1871 2042 2126 2097 multisque

500 2122 781 2165 vulneribus
821 2121 1106 2178 confectus.v
1153 2121 1362 2163 cadaver
1403 2120 1504 2162 eius
1540 2121 1588 2161 in
1626 2120 1707 2162 via
1737 2119 1972 2173 relictum,
2014 2121 2127 2174 quia

499 2200 624 2242 servi
658 2198 809 2242 Clodii
857 2201 938 2240 aut
984 2198 1126 2240 occisi
1160 2200 1296 2240 erant
1341 2201 1423 2240 aut
1453 2198 1667 2251 graviter
1712 2197 1859 2238 saucii
1901 2197 2125 2251 latebant,

587 2349 610 2370 1.
630 2345 674 2371 ibi
695 2346 729 2371 P.
814 2347 838 2371 6.
859 2344 1007 2377 expedita
1029 2345 1058 2370 S.
1145 2346 1169 2370 7.
1190 2343 1459 2370 interficientibus
1479 2344 1552 2370 SM.
1645 2346 1669 2370 8.
1690 2350 1787 2377 eques
1806 2342 1842 2371 R.
1860 2344 1895 2376 P,
1919 2350 2020 2377 aeque
2039 2342 2072 2370 s‘r
2091 2345 2122 2377 S,

497 2406 577 2432 eque
598 2397 629 2425 s?
649 2399 691 2424 M.
764 2401 788 2425 9.
808 2397 977 2424 Causinius
997 2398 1098 2427 Halm.
1123 2396 1281 2423 cassinius
1305 2398 1335 2423 C.
1391 2395 1458 2423 noti
1478 2397 1615 2430 Mam-ia,
1639 2403 1701 2423 non
1722 2397 1796 2430 SM,
1819 2396 1893 2423 novi
1915 2397 1948 2423 P.
2032 2399 2074 2424 10.
2093 2395 2126 2424 C.

496 2451 626 2479 Clodius
649 2451 827 2484 Manutius,
844 2458 901 2478 om.
926 2452 956 2477 C.
1010 2449 1111 2477 rheda
1125 2451 1190 2481 SP,
1209 2449 1286 2477 reda
1299 2450 1341 2476 M.
1415 2452 1456 2476 11.
1470 2449 1560 2476 Fufio
1576 2449 1755 2482 Manutius,
1772 2448 1855 2477 fusio
1874 2450 1905 2477 C.
1977 2451 2019 2477 13.
2031 2449 2126 2478 euda-

496 2505 578 2532 mius
600 2506 629 2532 S.
684 2505 719 2539 ii]
740 2504 771 2531 II
793 2506 822 2531 S.
920 2506 961 2530 15.
983 2503 1137 2530 tumulum
1160 2504 1188 2530 S.
1289 2506 1330 2530 16.
1351 2503 1469 2537 rumpit
1488 2502 1639 2530 atraiecit
1658 2503 1688 2536 S,
1720 2503 1823 2537 rumpi
1843 2505 1916 2531 atra
1934 2503 2064 2531 traiecit
2084 2504 2124 2530 ll.-

495 2562 538 2586 18.
557 2558 589 2585 in
612 2558 749 2591 Made-1⁸51,
773 2565 829 2585 om.
854 2560 884 2585 C.
951 2557 1115 2584 vobillano
1137 2557 1167 2589 S,
1191 2556 1355 2583 bobillano
1376 2558 1417 2582 M.
1526 2559 1567 2583 22.
1588 2555 1722 2583 taberna.
1741 2556 1879 2590 Madv-iq,
1903 2556 2069 2584 tabernam
2093 2556 2123 2584 0-

495 2611 727 2645 antesignanus
746 2620 776 2645 11,
800 2613 874 2638 ante
895 2610 989 2643 signa
1009 2617 1089 2637 unus
1114 2612 1144 2637 (ζ
1217 2612 1258 2636 23.
1280 2609 1428 2637 Saufeius
1448 2609 1628 2642 Manutius.
1651 2608 1795 2636 fustenus
1815 2610 1987 2644 SMPm9²,
2005 2617 2063 2638 om.
2075 2610 2125 2637 ΡΙ.

493 2668 539 2693 25.
559 2665 648 2692 sauci
670 2666 699 2691 S.

542 2803 564 2837 2
599 2802 766 2836 occurrit
805 2802 840 2834 oi
885 2804 982 2835 etc:
1023 2800 1180 2842 Quint.
1220 2799 1271 2841 VI
1345 2799 1414 2843 ‘293
1440 2801 1496 2844 17,
1523 2799 1585 2843 463
1613 2800 1668 2844 19,
1695 2799 1756 2846 513
1781 2799 1839 2844 31,
1871 2800 1936 2844 863
1969 2799 2022 2834 acl
2044 2798 2122 2834 ΑΗ.

495 2862 527 2905 3,
555 2861 621 2905 49;
646 2859 773 2895 Vell.
799 2859 901 2893 Pat.
930 2858 967 2893 II
993 2858 1050 2902 47,
1076 2858 1114 2902 43
1141 2858 1271 2892 Plut.
1346 2858 1378 2892 V
1405 2859 1460 2903 13,
1488 2859 1629 2902 138671.
1657 2858 1746 2893 Bob.
1773 2859 1859 2893 Mil.
1885 2858 2012 2894 28-29.

499 2921 571 2955 Cic.
599 2920 660 2964 353
679 2919 846 2964 perioch.
873 2918 957 2952 Liv.
996 2917 1119 2961 CVII3
1152 2917 1271 2961 App.
1395 2918 1439 2951 13
1464 2918 1492 2952 ii
1508 2918 1548 2952 in
1564 2917 1701 2951 ultimo
1720 2918 1880 2962 agmine
1894 2920 1987 2952 etc.:
2006 2917 2121 2952 schol.

495 2980 527 3013 b.
554 2990 582 3013 e.
609 2979 647 3013 II
673 2979 735 3023 ‘213
775 2978 873 3014 Cic.
899 2988 970 3022 pro
997 2978 1081 3012 Mil.
1116 2977 1171 3020 10,
1206 2977 1275 3012 27-
1348 2977 1437 3011 Rob.
1466 2976 1550 3011 Mil.
1577 2986 1680 3021 ary.3
1707 2976 1794 3011 Dio
1821 2975 1891 3010 XL
1916 2976 1973 3020 48,
1999 2976 2031 3011 2.

2165 1438 2211 1474 15

2163 1822 2210 1858 20
