2300 3528
83 1024 139 1085 ἰο

92 1443 185 1495 15’

97 2242 144 2279 25

794 237 848 273 ΙΝ
874 215 1198 273 PlsoNlANAM
1773 237 1817 272 17

259 332 416 380 Credo
447 347 533 379 vos
558 347 792 390 quaerere
825 337 873 378 et
903 334 1009 390 quis
1040 334 1121 377 hic
1152 324 1294 377 Cotta
1310 337 1358 377 et
1379 333 1485 389 quis
1517 333 1598 376 ille
1631 333 1818 388 collega

173 412 331 458 Crassi
362 412 519 456 fuerit.
584 412 674 455 fuit
705 415 865 455 autem
899 411 947 455 C.
972 410 1107 455 Cotta
1139 414 1299 454 orator
1321 412 1402 454 ille
1426 423 1622 466 compar
1641 410 1691 453 P.
1715 410 1817 452 Sul-

173 490 283 549 pici,
305 490 388 547 qui
420 493 491 534 est
522 490 572 533 in
604 490 807 545 dialogis
839 489 1084 534 Ciceronis
1115 490 1173 532 de
1208 488 1407 532 Oratore
1439 489 1641 544 scriptis.
1706 501 1816 531 cum

173 569 394 615 decretus
414 568 486 612 illi
508 570 632 612 esset
652 568 935 624 triumphus,
958 570 1173 610 mortuus
1194 570 1265 610 est
1286 570 1397 610 ante
1419 567 1547 609 diem
1570 566 1815 621 triumphi,

172 659 285 693 cum
315 647 521 690 cicatrix
552 646 768 690 vulneris
789 647 905 701 eius,
929 646 1054 701 quod
1075 648 1186 688 ante
1208 646 1370 701 plures
1391 657 1540 687 annos
1563 645 1612 687 in
1635 644 1815 700 proelio

172 727 440 782 acceperat,
473 724 674 768 rescissa
719 726 842 766 esset
888 726 1097 779 repente.
1130 723 1181 765 L.
1216 727 1376 765 autem
1421 721 1588 765 Crasso
1631 722 1817 776 collega

173 803 265 846 fuit
294 801 349 857 Q.
382 801 614 845 Scaevola
645 801 885 856 pontifex:
924 801 1020 856 qui,
1053 813 1163 843 cum
1200 786 1609 843 animadverteret
1649 798 1815 842 Crasso

173 884 369 938 propter
398 891 635 923 summam
668 879 771 922 eius
801 879 851 921 in
884 891 936 921 re
969 892 1012 933 p.
1046 879 1307 933 potentiam
1339 891 1397 920 ac
1430 877 1714 933 dignitatem
1746 889 1814 919 se-

174 961 342 1003 natum
380 958 432 1001 in
476 957 779 1000 decernendo
825 956 1067 1011 triumpho
1113 956 1388 1011 gratificari,
1434 968 1530 999 non
1577 955 1818 998 dubitavit

175 1035 322 1091 reip.
355 1034 508 1090 magis
551 1046 695 1088 quam
733 1033 946 1088 collegae
989 1033 1169 1075 habere
1210 1033 1444 1075 rationem
1486 1044 1544 1074 ac
1587 1045 1647 1074 ne
1681 1032 1818 1074 fieret

174 1111 218 1156 S.
241 1111 291 1155 C.
314 1110 594 1155 intercessit.
658 1111 741 1153 sed
766 1110 894 1152 idem
926 1107 1241 1164 provinciam,
1269 1110 1405 1152 cuius
1436 1109 1698 1164 cupiditate
1720 1109 1816 1164 ple-

174 1190 312 1246 rique
353 1189 498 1232 etiam
522 1181 649 1244 ‘boni
696 1189 791 1231 viri
832 1188 1148 1243 deliquerant,
1181 1188 1478 1243 deposuerat,
1514 1200 1573 1230 ne
1606 1187 1816 1242 sumptui

172 1269 298 1312 esset
327 1267 528 1311 aerario

886 1342 1108 1386 STATIM

266 1449 311 1502 (ἓ
343 1447 433 1501 62.)
467 1447 646 1490 Irrisa
683 1448 765 1488 est
796 1459 825 1488 a
861 1448 912 1488 te
945 1446 1110 1500 paulo
1151 1447 1278 1488 ante
1310 1445 1373 1487 M.
1408 1445 1625 1487 Pisonis
1663 1445 1818 1499 cupi-

177 1525 323 1568 ditas
352 1523 762 1580 triumphandi,
786 1535 815 1565 a
836 1535 944 1578 qua
976 1525 1029 1565 te
1061 1523 1228 1577 longe
1255 1522 1455 1564 dixisti
1488 1522 1819 1564 abhorrere:

177 1602 293 1658 qui,
327 1602 547 1645 etiamsi
580 1602 764 1644 minus
797 1613 1057 1655 magnum
1091 1601 1301 1642 bellum
1344 1602 1618 1654 gesserat,
1653 1600 1819 1642 istum

178 1681 472 1724 honorem
515 1679 919 1722 omittendum
964 1691 1070 1721 non
1102 1678 1372 1733 putavit.
1444 1681 1507 1720 tu
1540 1677 1822 1720 eruditior

178 1771 339 1814 quam
377 1757 522 1800 Piso!

267 1835 386 1890 Quis
406 1835 486 1878 hic
511 1835 570 1878 M.
593 1835 700 1878 Piso
721 1835 866 1877 fuerit
887 1835 1030 1877 credo
1052 1847 1137 1877 vos
1159 1834 1396 1889 ignorare.
1460 1834 1551 1876 fuit
1572 1836 1748 1887 autem,
1773 1836 1823 1875 ut

178 1911 291 1970 puto
314 1914 410 1956 iam
443 1926 528 1956 nos
553 1913 744 1967 dixisse,
770 1913 948 1968 Pupius
978 1913 1084 1955 Piso
1116 1912 1295 1955 eisdem
1330 1912 1624 1967 temporibus
1650 1912 1823 1966 quibus

179 1991 359 2047 CicerO,
382 1991 465 2035 sed
488 1994 618 2034 tanto
645 1993 800 2051 aetate
823 1990 988 2044 maior,
1018 1994 1069 2032 ut
1095 1990 1508 2032 adulescentulum
1541 1988 1821 2032 Ciceronem

165 2073 316 2127 ‘pater
346 2070 406 2112 ad
440 2082 550 2113 eum
584 2069 856 2123 deduceret,
889 2069 1014 2123 quod
1041 2069 1091 2110 in
1118 2081 1172 2111 eo
1200 2071 1248 2110 et
1272 2068 1499 2123 antiquae
1532 2068 1662 2111 vitae
1695 2068 1822 2110 simi—

178 2147 329 2191 litudo
362 2149 410 2189 et
441 2147 620 2189 multae
653 2148 791 2188 erant
821 2146 1031 2188 litterae:
1066 2148 1226 2187 orator
1251 2158 1441 2200 quoque
1474 2145 1645 2188 melior
1677 2158 1822 2200 quam

180 2225 476 2281 frequentior
506 2224 697 2267 habitus
728 2226 811 2267 est.
873 2224 1067 2266 biennio
1099 2226 1261 2266 tamen
1293 2224 1445 2266 serius
1478 2236 1622 2278 quam
1657 2222 1824 2266 Cicero

269 2376 294 2402 8.
313 2373 346 2402 C.
364 2374 400 2407 P,
423 2380 441 2402 o
465 2374 496 2406 S,
520 2381 577 2400 om.
604 2373 646 2399 M.
754 2374 779 2399 4.
806 2371 863 2400 ille
890 2373 964 2399 SM.
1021 2343 1198 2406 triumphffis
1227 2343 1370 2399 mortuiis
1392 2373 1427 2399 P.
1484 2371 1709 2406 triumphus-6.
1740 2374 1826 2399 esset

181 2435 240 2456 om.
253 2429 283 2457 S.
333 2427 368 2456 L.
382 2429 414 2461 S,
431 2435 488 2455 om.
502 2428 580 2454 PM.
654 2429 678 2453 7.
691 2426 727 2458 Q.
741 2434 798 2453 om.
814 2427 855 2453 M.
930 2429 970 2453 12.
985 2426 1189 2460 deliquerant
1203 2426 1515 2461 Kiessliny-Schoell,
1533 2426 1742 2460 deliquebant
1757 2427 1822 2457 SP.

182 2481 413 2516 delinquebant
431 2482 474 2509 M.
556 2483 597 2507 13.
617 2479 744 2508 aerario
766 2479 946 2512 Manutius,
969 2479 1073 2507 oratio
1094 2481 1168 2511 SM,
1191 2478 1248 2507 6?ss
1267 2481 1300 2507 P.
1386 2482 1428 2507 14.
1448 2487 1506 2507 om.
1526 2481 1568 2509 M.
1654 2482 1696 2507 15.
1716 2479 1773 2507 abs
1795 2481 1825 2506 te

186 2534 247 2563 eie.
319 2536 363 2563 17.
378 2537 450 2570 post
469 2535 618 2569 gesserat
636 2533 708 2561 add.
732 2532 792 2560 Cic.
802 2542 811 2559 .·
832 2534 867 2560 ut
886 2533 943 2560 abs
964 2535 994 2561 te
1016 2532 1134 2561 dictum
1157 2534 1206 2560 est
1226 2535 1335 2561 tamen
1410 2536 1451 2560 18.
1472 2532 1740 2561 contemnendum
1766 2532 1826 2560 Cic.

124 2599 136 2612 ο
190 2590 224 2616 tu
242 2597 264 2624 p
281 2587 359 2634 Cic„⁴
376 2595 458 2623 puer
481 2588 512 2617 C.
598 2590 640 2615 19.
660 2587 735 2614 Piso
755 2596 775 2622 p
801 2586 871 2619 Cic„
895 2586 964 2621 ipso
986 2588 1015 2620 S,
1039 2587 1107 2621 ipse
1127 2588 1206 2614 PM.
1288 2590 1331 2615 21.
1350 2587 1471 2621 Pupius
1492 2587 1567 2615 Piso
1588 2587 1768 2617 Manzctim.
1793 2586 1827 2613 Ρ.

182 2642 257 2671 Piso
281 2642 312 2670 C.
385 2643 428 2670 2³.
446 2649 484 2670 eo
504 2643 537 2670 et
556 2641 709 2676 antiquae
727 2649 759 2676 p,
783 2648 820 2668 eo
841 2639 940 2668 otiam
960 2648 1043 2675 quae
1067 2642 1097 2669 C.
1172 2642 1215 2668 25.
1234 2640 1337 2669 setius
1355 2642 1385 2669 S.

230 2767 275 2803 11
300 2767 540 2803 intercessit:
568 2778 601 2802 a.
621 2767 679 2803 95.
701 2766 776 2802 Cfr.
805 2766 903 2802 Cic.
922 2766 968 2802 de
1088 2766 1135 2802 20
1161 2765 1252 2801 Fuit
1291 2770 1423 2801 autem
1452 2770 1547 2801 etc.:
1576 2765 1674 2802 Cic.
1708 2766 1823 2799 Brut.

182 2825 966 2872 invent.1137,111;Va1.Max.1117,6.
1041 2826 1097 2871 64,
1123 2826 1212 2871 ‘2303
1239 2827 1296 2872 67,
1323 2826 1414 2871 ‘2363
1451 2826 1508 2871 68,
1535 2826 1624 2870 ‘240;
1651 2826 1708 2870 90,
1745 2825 1825 2868 308,

183 2886 262 2923 Sed
282 2886 387 2922 idem
412 2887 656 2932 provinciam
679 2891 776 2922 etc.:
803 2885 896 2922 Cic.
915 2886 967 2921 ad
1040 2887 1127 2931 31ος
1153 2885 1198 2921 de
1223 2897 1279 2921 or.
1307 2885 1325 2920 1
1350 2886 1407 2931 22,
1435 2885 1523 2930 1043
1549 2885 1594 2920 cle
1615 2887 1696 2919 vat.
1723 2884 1825 2919 deor.

182 2948 261 2983 Aet.
283 2947 317 2983 V
342 2947 398 2993 17,
426 2948 464 2993 ὃς
496 2947 630 2984 Diod.
659 2946 847 2983 XXXVII
874 2947 965 2991 5—63
1038 2946 1057 2981 I
1088 2947 1120 2990 7,
1147 2946 1211 2991 163
1237 2945 1282 2981 de
1318 2945 1388 2991 fin.
1427 2945 1481 2980 IV
1519 2945 1577 2989 26,
1622 2945 1683 2987 733
1721 2944 1754 2979 V
1794 2944 1826 2988 1,

180 3005 287 3043 var.
315 3007 444 3042 Max.
470 3007 565 3043 VIII
591 3008 647 3049 15,
675 3009 708 3043 6.
1038 3006 1059 3041 1
1087 3016 1171 3052 sqq.

292 3140 323 3171 Q.
344 3139 474 3166 Asconii
491 3139 628 3166 Pediam'
652 3139 764 3166 Comm.
1711 3136 1733 3170 3

1856 800 1954 835 150

1854 884 1955 920 15B

1862 1846 1904 1880 14
1923 1846 1990 1881 KS
