2300 3528
386 808 483 845 550

389 887 435 921 46
450 886 481 922 S

347 1273 394 1308 49
411 1272 480 1308 KS

379 1351 499 1386 5513·

520 246 568 282 60
1208 244 1456 282 ASCONIVS

519 343 595 384 cui
629 355 654 384 e
686 343 791 397 lege
825 343 1091 397 praemium
1135 343 1296 384 datum
1331 345 1412 385 est.
1495 342 1666 385 deinde
1699 344 1824 398 apud
1859 342 1910 385 L.
1942 342 2144 386 Fabium

518 420 834 474 quaesitorem
867 420 1040 462 iterum
1083 420 1251 462 absens
1292 420 1542 462 damnatus
1583 422 1652 462 est
1691 421 1750 462 de
1790 420 1859 463 vi:
1901 419 2145 463 accusavit
2210 472 2211 476 Ἰ

516 496 566 538 L.
601 495 880 539 Cornificius
922 499 969 539 et
1006 495 1060 548 Q.
1104 496 1357 538 Patulcius.
1420 496 1530 539 Milo
1557 497 1616 539 in
1659 497 1857 539 exilium
1888 496 2144 540 Massiliam

516 573 642 615 intra
673 574 1111 628 paucissimos·dies
1136 573 1384 628 profectus
1405 575 1495 615 est:
1529 574 1652 616 bona
1678 574 1779 616 eius
1803 576 1997 629 propter
2020 573 2145 616 aeris

516 649 660 692 alieni
694 651 1070 704 magnitudinem
1102 651 1346 693 semuncia
1376 651 1642 693 venierunt.

603 727 712 769 Post
742 727 965 770 Milonem
998 728 1165 770 eadem
1198 728 1303 782 lege
1335 728 1559 783 Pompeia
1584 728 1765 782 primus
1798 730 1867 770 est
1898 724 2145 771 accusatus

514 803 573 846 M.
607 803 923 846 SaufeiusM.
958 805 1003 859 f.,
1046 805 1127 859 qui
1169 805 1268 846 dux
1310 804 1465 847 fuerat
1506 805 1554 846 in
1597 804 1916 859 expugnanda
1947 805 2145 847 taberna

514 880 711 924 Bovillis
743 883 790 923 et
821 880 982 923 Clodio
1015 882 1285 924 occidendo.
1347 884 1695 924 accusaverunt
1726 893 1835 924 eum
1860 881 1911 923 L.
1944 880 2143 936 Cassius,-

515 957 565 1000 L.
589 958 833 1000 Fulcinius
854 957 902 1001 C.
923 959 966 1012 f.,
989 958 1037 1001 C.
1062 959 1298 1012 Valerius3
1326 959 1641 1001 defenderunt
1661 959 1719 1001 M.
1743 958 1922 1014 Cicero,
1947 959 2006 1001 M.
2030 958 2144 1002 Cae-

515 1035 620 1089 lius,
643 1035 1044 1090 obtinueruntque
1078 1038 1130 1077 ut
1152 1048 1247 1078 una
1267 1036 1502 1078 sententia
1528 1036 1868 1079 absolveretur.
1925 1035 2143 1079 condem-

515 1115 755 1155 naverunt
792 1115 1032 1155 senatores
1073 1113 1130 1167 X,
1173 1114 1480 1156 absolverunt
1521 1113 1638 1155 VIII
1652 1125 1661 1166 ;
1704 1114 2146 1157 condemnaverunt

516 1190 700 1244 equites
720 1190 917 1232 Romani
941 1190 1092 1245 VIIII,
1112 1191 1420 1233 absolverunt
1445 1190 1566 1232 VIII
1575 1203 1584 1244 3
1618 1191 1700 1233 sed
1725 1203 1786 1233 ex
1807 1193 1864 1233 tr.
1888 1190 2146 1234 aerariisX

515 1267 836 1321 absolverunt,
863 1267 928 1309 VI
960 1268 1334 1310 damnaverunt:
1368 1267 1766 1322 manifestumque
1799 1268 1959 1310 odium
1991 1267 2143 1311 Clodii

515 1345 656 1386 saluti
689 1344 877 1387 Saufeio
910 1345 1011 1399 fuit,
1045 1357 1153 1387 cum
1187 1345 1288 1387 eius
1319 1345 1398 1388 vel
1435 1345 1568 1399 peior
1610 1357 1753 1388 causa
1784 1358 1927 1400 quam
1957 1345 2144 1389 Milonis

515 1423 691 1477 fuisset,
725 1423 849 1477 quod
882 1423 1169 1477 aperte-dux
1202 1423 1358 1465 fuerat
1390 1423 1736 1477 expugnandae
1769 1423 2008 1466 tabernae.
2071 1435 2143 1466 re-

514 1500 688 1554 petitus
720 1500 891 1542 deinde
923 1503 1026 1555 post
1057 1512 1231 1555 paucos
1263 1501 1362 1542 dies
1400 1501 1524 1554 apud
1558 1501 1620 1542 M.
1654 1499 1927 1543 Considium
1959 1501 2142 1556 quaesi-

515 1580 666 1619 torem
694 1580 763 1619 est
785 1578 889 1632 lege
911 1577 1097 1619 Plautia
1120 1578 1178 1620 de
1201 1578 1264 1631 vi,
1292 1577 1636 1632 subscriptione
1660 1590 1717 1620 ea
1738 1578 1862 1632 quod
1884 1579 1989 1621 loca
2014 1578 2148 1622 edita

515 1658 790 1715 occupasset
822 1657 869 1696 et
901 1667 1009 1697 cum
1048 1655 1141 1697 telo
1179 1655 1365 1708 fuisset;
1407 1667 1517 1697 nam
1558 1654 1663 1697 dum
1695 1654 1862 1708 fuerat
1891 1667 2143 1710 operarum

513 1731 714 1774 Milonis.
778 1734 1127 1774 accusaverunt
1158 1730 1206 1773 C.
1234 1731 1411 1785 Fidius,
1444 1730 1526 1773 Cn.
1550 1731 1761 1786 Aponius
1792 1730 1874 1775 Cn.
1908 1732 1952 1787 f„
1974 1732 2033 1774 M.
2066 1731 2143 1775 Se-

514 1809 587 1851 ius
591 1841 692 1851 .....
736 1808 846 1851 Sex.
880 1809 934 1862 f.;
969 1809 1284 1851 defenderunt
1324 1809 1382 1851 M.
1416 1808 1595 1863 Cicero,
1621 1809 1680 1851 M.
1713 1809 1962 1853 Terentius
1993 1810 2144 1854 Varro

587 1923 612 1947 1.
634 1927 650 1948 e
672 1927 729 1947 om.
748 1921 825 1948 PM.
900 1923 923 1948 2.
944 1920 1161 1954 quaesitorem
1181 1921 1497 1955 Isiessliny-Schoell,
1521 1920 1750 1955 qu(a)estorem
1775 1922 1805 1949 C.
1877 1923 1902 1950 5.
1916 1920 2016 1950 alieni
2037 1921 2101 1951 efis
2119 1915 2160 1950 ΡΔ

515 1991 713 2019 semunciam
733 1992 778 2025 S1,
802 1991 982 2019 semiuncia
1001 1993 1081 2019 PM.
1188 1994 1213 2020 6.
1234 1992 1388 2026 Pompeia
1414 1992 1534 2026 primus
1558 1983 1737 2026 Manutius,
1760 1992 1899 2027 pompeii
1927 1965 2091 2031 aprima
2110 1995 2141 2029 S,

514 2045 652 2080 pompeij
669 2053 688 2073 a
701 2045 822 2080 primus
836 2047 888 2081 (ex
901 2046 1056 2081 aprinius)
1070 2047 1105 2080 P,
1128 2046 1254 2081 pompei
1275 2046 1416 2080 aprimus
1435 2047 1479 2074 M.
1550 2048 1576 2074 7.
1596 2046 1745 2074 Saufeius
1761 2055 1794 2082 p,
1817 2046 1943 2076 Sauflus
1965 2048 1997 2076 0.
2050 2055 2146 2083 expu-

515 2099 623 2133 gnada
642 2100 685 2133 M,
709 2101 894 2134 expugnata
914 2101 943 2127 S.
1034 2102 1058 2127 8.
1078 2100 1210 2128 vobillis
1230 2101 1260 2133 S,
1283 2098 1392 2127 bu¹llis
1413 2101 1455 2127 M.
1519 2100 1626 2128 casius
1645 2101 1674 2127 S.
1766 2102 1844 2128 9-10.
1864 2101 1998 2129 cecilius
2016 2102 2040 2129 S
2047 2103 2114 2130 Plu
2124 2102 2144 2129 ².

516 2156 558 2180 11.
577 2152 656 2180 VIII
675 2153 855 2187 Manutius,
878 2153 940 2181 VII
963 2155 993 2182 C.
1067 2156 1108 2181 12.
1121 2153 1200 2181 VIII
1220 2154 1299 2187 Αἶά,
1321 2153 1383 2181 VII
1402 2154 1432 2181 C.
1506 2156 1548 2180 14.
1562 2153 1677 2181 salutis
1696 2153 1802 2182 aufeio
1823 2155 1853 2182 S.
1926 2156 1969 2183 15.
1982 2161 2145 2190 expugna-

516 2206 603 2234 tione
620 2207 652 2234 S.
727 2208 822 2234 15-16.
842 2208 986 2241 repertus
1006 2208 1084 2235 PM.
1158 2209 1199 2234 16.
1218 2206 1260 2235 Μ.
1275 2207 1439 2241 Βονρὴοεὶ,
1457 2214 1513 2234 om.
1530 2208 1559 2235 C.
1633 2209 1728 2236 16-17.
1742 2207 1956 2241 quaesitorem
1970 2209 2144 2243 Kiessliny-

516 2260 646 2293 Schoen,
677 2260 903 2294 qu(a)estorem
929 2261 959 2288 C.
1068 2262 1110 2287 17.
1131 2262 1179 2288 est
1199 2260 1337 2295 Madvig,
1364 2267 1381 2287 e
1400 2261 1435 2293 P,
1467 2268 1487 2287 a
1507 2261 1537 2293 S,
1570 2268 1586 2288 e
1605 2261 1648 2288 M.
1711 2260 1837 2295 plantio
1863 2262 1893 2289 S.
1956 2261 2030 2290 loca
2056 2262 2145 2290 edita

516 2313 698 2346 Mommsen,
721 2313 794 2341 loea
822 2334 935 2342 .......
960 2315 994 2347 P,
1018 2314 1091 2341 loca
1118 2333 1306 2341 ...........
1335 2314 1379 2347 M,
1402 2313 1475 2341 loca
1495 2315 1518 2341 S
1535 2317 1563 2341 et
1583 2314 1620 2340 in
1639 2322 1696 2348 my.
1715 2315 1757 2341 ml
1770 2322 1828 2342 scr.
1848 2314 2014 2350 «spatium
2034 2315 2145 2344 deficit

515 2366 610 2393 unius
630 2366 817 2394 dictionis».
928 2370 970 2394 18.
990 2367 1053 2394 dux
1073 2367 1178 2394 fuerat
1197 2368 1379 2400 Mommsen,
1403 2386 1518 2394 .......
1531 2367 1612 2400 PM,
1636 2387 1782 2395 .........
1802 2368 1831 2395 S.
1939 2370 1981 2395 19.
2000 2368 2148 2404 Aponius

516 2420 682 2453 Hotoman,
698 2420 863 2454 Apponius
888 2422 917 2448 (J.
991 2423 1086 2448 19-20.
1100 2420 1192 2448 Seius
1211 2440 1308 2448 ......
1322 2421 1356 2454 P,
1381 2420 1473 2448 Seius
1493 2440 1624 2455 ........
1644 2421 1718 2448 SM.
1773 2423 1815 2448 20.
1829 2420 1900 2449 Sex.
1919 2420 1941 2449 f.
1960 2422 2140 2455 Manutius,

516 2480 573 2501 sex
592 2474 673 2507 PM,
696 2476 746 2501 set
766 2475 794 2501 S.
851 2474 892 2502 M.
912 2474 1083 2502 Terentius
1105 2475 1138 2508 P,
1162 2474 1350 2502 Torrentius
1365 2475 1395 2507 S,
1419 2493 1568 2502 .........
1582 2474 1770 2502 Terrentius
1789 2475 1831 2502 M.

516 2588 519 2589 γ
563 2565 585 2599 3
612 2564 703 2598 Milo
730 2565 771 2599 in
797 2563 956 2599 exilium
984 2568 1075 2599 etc.:
1106 2563 1197 2598 Dio
1224 2563 1294 2598 XL
1414 2564 1458 2598 17
1483 2563 1574 2609 lege
1599 2562 1756 2598 Plautia
1781 2563 1830 2599 de
1855 2565 1918 2600 vi:
1956 2563 2054 2601 Cic.
2086 2574 2141 2611 ep.

517 2623 573 2668 54,
599 2623 631 2658 3.
1366 2622 1418 2657 ad
1434 2622 1533 2666 fam.
1551 2622 1645 2657 VIII
1669 2623 1702 2668 8,
1721 2623 1761 2667 1;
1782 2633 1858 2668 pro
1887 2623 1985 2659 Cael.
2003 2622 2061 2670 29,
2080 2625 2142 2670 703

563 2682 586 2717 4
622 2682 727 2717 bona
765 2683 848 2718 eius
886 2686 982 2718 etc.:
1022 2683 1141 2718 Plin.
1179 2693 1217 2717 η.
1257 2682 1293 2717 h.
1360 2691 1437 2725 pro
1462 2681 1548 2716 Mil.
1578 2681 1633 2726 13,
1659 2681 1723 2727 353
1761 2680 1880 2717 Sall.
1911 2682 1991 2719 Cat.
2016 2683 2074 2730 31,
2099 2683 2141 2729 43

517 2742 573 2786 36,
601 2741 689 2787 1043
715 2741 811 2777 Cic.
836 2742 888 2777 ad
917 2743 956 2783 Q.
982 2741 1037 2786 fr.
1064 2741 1123 2776 III
1148 2742 1181 2786 9,
1207 2741 1240 2776 2.
1366 2740 1443 2775 sch.
1470 2740 1559 2775 Bob.
1587 2739 1686 2775 Suu.
1713 2739 1769 2775 92.

563 2801 585 2835 8
611 2801 654 2836 L.
681 2800 856 2836 Cassius:
894 2801 937 2836 L.
965 2800 1120 2837 Cassius
1149 2801 1294 2846 Longi·
1413 2798 1459 2834 20
1500 2798 1550 2833 M.
1587 2798 1793 2834 Terentius
1834 2799 1954 2836 Varro
1992 2800 2145 2837 Gibba:

516 2870 601 2905 nus,
627 2863 672 2895 tr.
698 2860 748 2906 pl.
776 2871 810 2895 a.
837 2860 892 2894 44.
1245 2859 1250 2862 ”
1368 2861 1517 2903 quaest.
1544 2868 1577 2893 a.
1596 2857 1653 2902 46,
1678 2850 1731 2892 tr.
1748 2858 1799 2903 pl.
1826 2869 1859 2894 a.
1881 2859 1944 2895 43:
1970 2860 2036 2895 cfr.
2054 2859 2141 2894 Dio

564 2918 608 2951 16
640 2917 690 2952 Μ.
723 2917 966 2952 Considium:
1005 2917 1054 2952 M.
1090 2917 1294 2952 Considius
1367 2916 1512 2951 XLVII
1554 2917 1617 2961 113
1659 2915 1766 2952 Cic.
1811 2917 1863 2952 ad
1905 2917 2004 2962 fam.
2046 2917 2142 2953 XIII

517 2976 730 3021 Nonianus,
757 2981 878 3021 praet.
905 2987 938 3012 a.
966 2977 1020 3012 52.
1368 2977 1423 3021 10,
1450 2976 1482 3010 2.

2182 1040 2227 1075 10

2182 1425 2228 1461 15

2181 1813 2227 1849 20
