2300 3528
106 1043 154 1080 10

107 1432 154 1470 15

780 239 836 276 IN
861 238 1237 276 CORNELIANAM
1782 239 1828 274 63

189 416 262 459 est
281 415 342 459 de
363 415 496 458 ea'in
517 415 766 459 contione:
798 415 1046 458 exhauriri
1072 416 1346 471 provincias
1373 416 1548 469 usuris;
1580 415 1834 470 providen-

189 492 314 536 dum..
347 504 409 536 ne
450 476 686 549 haberen't
721 494 867 548 legati
901 494 1027 536 unde
1070 494 1342 548 praesentia
1386 506 1593 537 munera
1636 494 1835 547 darent3

189 565 610 626 promulgavitque
647 571 819 625 legem,
852 583 948 626 qua
984 571 1319 613 auctoritatem
1351 574 1543 614 senatus
1576 572 1836 626 minuebat,

189 658 253 691 ne
282 647 390 703 quis
421 648 512 690 nisi
545 660 634 703 per
662 649 892 703 populum
918 649 1106 703 legibus
1137 649 1418 691 solveretur.
1482 649 1608 703 quod
1641 649 1837 704 antiquo

190 734 380 783 quoque
411 726 518 770 iure
550 729 656 770 erat
686 729 903 780 cautum;
946 727 1108 782 itaque
1141 727 1190 769 in
1229 727 1451 769 omnibus
1489 726 1532 769 S.
1567 726 1630 781 C„
1665 727 1838 782 quibus

189 804 401 860 aliquem
433 804 623 859 legibus
651 804 772 847 solvi
812 805 1047 859 placebat,
1086 804 1212 847 adici
1246 807 1350 847 erat
1381 805 1572 847 solitum
1606 807 1658 847 ut
1689 805 1748 847 de
1781 817 1838 847 ea

190 891 244 927 re
275 883 336 926 ad
367 882 598 938 populum
637 883 868 925 ferretur:
917 883 999 925 sed
1041 883 1274 938 paulatim
1318 883 1433 925 ferri
1478 886 1582 926 erat
1617 883 1837 937 desitum,

190 969 363 1016 resque
393 961 491 1006 iam
528 961 579 1003 in
611 971 718 1004 eam
752 961 1147 1003 consuetudinem
1181 963 1396 1015 venerat,
1431 963 1482 1003 ut
1514 963 1751 1016 postremo
1777 974 1838 1004 ne

189 1039 464 1082 adiceretur
495 1038 689 1094 quidem
713 1038 762 1081 in
785 1041 978 1081 senatus
1004 1039 1232 1081 consultis
1254 1039 1313 1081 de
1337 1038 1583 1092 rogatione
1605 1039 1666 1081 ad
1692 1051 1838 1094 popu·

188 1098 292 1160 lum
312 1117 531 1171 ferenda;
565 1129 718 1172 eaque
741 1117 843 1172 ipsa
864 1116 907 1159 S.
933 1116 981 1159 O.
1006 1129 1093 1172 per
1113 1117 1344 1172 pauculos
1365 1117 1622 1159 admodum
1646 1117 1836 1160 fiebant.

189 1194 389 1250 indigne
409 1207 517 1238 eam
540 1194 731 1238 Corneli
760 1195 1057 1250 rogationem
1081 1196 1292 1237 tulerant
1313 1195 1627 1250 potentissimi
1660 1195 1838 1250 quique

189 1284 253 1317 ex
292 1275 475 1328 senatu,
517 1285 722 1328 quorum
766 1274 923 1329 gratia
964 1285 1255 1328 magnopere
1298 1273 1633 1327 minuebatur;
1677 1274 1838 1328 itaque

187 1349 504 1394 PcServilius
536 1350 767 1394 Globulus
793 1354 850 1394 tr.
892 1352 953 1406 pl.
998 1351 1223 1394 inventus
1266 1354 1370 1394 erat
1410 1351 1491 1407 qui
1535 1350 1584 1394 O.
1619 1350 1838 1395 Cornelio

189 1428 453 1472 obsisteret.
481 1441 484 1446 “
515 1429 569 1483 is,
604 1429 685 1471 ubi
718 1430 839 1484 legis
876 1429 1108 1472 ferundae
1135 1429 1237 1472 dies
1269 1429 1404 1472 venit
1436 1432 1484 1472 et
1508 1442 1683 1485 praeco
1716 1430 1841 1472 subi-

189 1506 348 1554 ciente
378 1507 538 1550 scriba
578 1507 730 1551 verba
751 1507 872 1562 legis
904 1507 1109 1550 recitare
1142 1508 1316 1563 populo
1348 1508 1518 1563 coepit,
1553 1510 1600 1550 et
1632 1508 1839 1550 scribam

189 1585 501 1628 subicere-et
542 1595 830 1641 praeconem
873 1586 1185 1641 pronuntiare
1227 1598 1392 1641 passus
1434 1598 1529 1628 non
1572 1589 1655 1628 est.
1740 1588 1841 1628 tum

190 1661 440 1706 Cornelius
469 1663 573 1719 ipse
613 1664 828 1706 codicem
870 1664 1106 1707 recitavit.
1139 1668 1143 1675 ”
1182 1664 1307 1719 quod
1341 1676 1451 1706 cum
1485 1664 1702 1720 improbe
1736 1665 1841 1707 fieri

188 1739 238 1784 C.
261 1740 378 1784 Piso
419 1741 584 1784 consul
625 1741 942 1784 vehementer
983 1744 1270 1797 quereretur
1303 1742 1496 1797 tollique
1527 1743 1838 1785 tribuniciam

189 1814 582 1862 intercessionem
615 1819 811 1874 diceret,
863 1820 1002 1874 gravi
1054 1820 1274 1863 convicio
1312 1834 1341 1863 a
1385 1821 1559 1876 populo
1610 1824 1839 1877 exceptus

190 1899 284 1951 θεῖς
308 1899 381 1940 μεπ
415 1908 525 1940 cum
572 1898 655 1940 ille
704 1910 784 1940 eos
830 1898 912 1953 qui
945 1898 1035 1941 sibi
1069 1899 1373 1941 intentabant
1404 1911 1575 1942 manus
1606 1900 1778 1954 prendi
1812 1913 1840 1942 a

187 1975 613 2030 lictore-iussisset,
647 1976 787 2018 fracti
821 1976 924 2019 eius
956 1977 1108 2019 fasces
1140 1980 1250 2019 sunt
1287 1977 1566 2032 lapidesque
1599 1966 1743 2020 etiam
1778 1990 1839 2021 ex

189 2049 361 2096 'ultima
391 2053 620 2097 contione
659 2053 709 2096 in
753 2055 996 2097 consulem
1039 2055 1180 2098 iacti:
1225 2068 1317 2110 quo
1350 2056 1558 2098 tumultu
1591 2054 1839 2099 Cornelius

261 2197 276 2222 1
297 2198 338 2223 'ea
355 2202 390 2224 re
409 2195 446 2229 P,
469 2201 510 2223 ea
529 2215 606 2223 .....
626 2196 670 2229 Μ,
694 2215 826 2223 ........
847 2196 876 2224 S.
951 2199 975 2224 2.
996 2196 1030 2223 in
1050 2196 1200 2224 contione
1216 2197 1378 2232 Siqonius,
1403 2218 1517 2226 .......
1528 2205 1568 2226 ne
1587 2199 1617 2226 C.
1691 2201 1752 2226 2-3.
1771 2206 1839 2233 pro-

188 2246 364 2276 videndum
384 2255 425 2277 ne
443 2248 529 2282 Rau,
553 2248 786 2283 providendum
806 2251 842 2277 ut
859 2250 941 2283 PM,
966 2270 1115 2277 .........
1135 2251 1164 2277 S.
1247 2238 1272 2277 3.
1293 2250 1480 2285 praesentia
1498 2259 1633 2279 munera
1652 2253 1836 2286 Mommsen,

188 2301 376 2337 praeseutia
394 2322 401 2330 .
412 2322 489 2366 ἡ...
509 2303 556 2338 (11
570 2302 629 2330 liet.
644 2302 690 2337 M)
710 2303 741 2331 C.
813 2305 838 2330 4.
853 2302 980 2331 afictem
995 2304 1030 2337 P,
1054 2303 1249 2331 auctoritate
1265 2305 1308 2337 M,
1443 2305 1472 2332 S.
1546 2307 1571 2333 5.
1591 2305 1664 2340 quis
1677 2305 1740 2333 nisi
1756 2306 1836 2339 Alci„

189 2372 297 2408 quivis
315 2374 347 2408 S,
370 2373 443 2408 quis
460 2375 497 2409 P,
520 2374 574 2409 qui
596 2374 680 2402 visui
700 2375 744 2402 M.
853 2376 877 2401 7.
898 2374 984 2402 adici
1006 2377 1077 2402 crat
1097 2375 1264 2409 Lorfflicus,
1289 2376 1455 2404 adiecerat
1480 2378 1510 2405 C.
1570 2384 1609 2404 ea
1628 2378 1664 2410 P,
1688 2385 1744 2405 om.
1765 2378 1839 2417 SM,

189 2429 232 2455 18.
251 2415 292 2455 ex
310 2417 427 2456 senatu
446 2428 609 2463 Siyonius,
639 2435 679 2456 ex
700 2427 730 2456 S.
750 2427 782 2455 G.
808 2429 838 2456 C.
948 2431 990 2456 14.
1010 2426 1162 2456 inventus
1183 2431 1253 2456 erat
1275 2428 1311 2457 tr'n
1330 2429 1372 2464 pl.
1393 2431 1426 2457 P.
1491 2429 1523 2458 C.
1543 2431 1724 2464 Manutius,
1750 2430 1784 2458 L.
1809 2432 1839 2473 C·

189 2482 232 2509 15.
250 2467 337 2516 legis
355 2474 490 2511 ferundo
509 2482 545 2515 P,
568 2481 705 2516 legisfer
726 2481 766 2508 tin
787 2483 831 2515 M,
854 2481 974 2516 legifer
994 2481 1077 2510 unde
1097 2482 1127 2509 S.
1202 2484 1243 2510 16.
1264 2482 1418 2510 recitaret
1438 2484 1480 2511 M.
1536 2483 1667 2518 co..pit
1686 2485 1730 2518 Sl,
1754 2485 1840 2518 cepit

187 2535 268 2565 PM,
340 2536 384 2563 19.
402 2533 435 2563 0.
454 2535 622 2569 Ladon-us,
645 2535 681 2562 L.
705 2536 736 2563 C.
793 2535 927 2570 tollique
948 2536 1115 2569 Hotoman,
1140 2543 1196 2563 om.
1222 2537 1251 2564 C.
1354 2540 1395 2565 21.
1416 2544 1471 2565 eos
1492 2538 1536 2571 M,
1561 2545 1624 2566 cos.
1642 2539 1678 2571 P,
1702 2545 1788 2566 cons.
1809 2540 1838 2566 S-

189 2591 232 2618 22.
252 2590 331 2618 sunt
349 2589 543 2624 Gronovius,
567 2589 674 2618 cuncti
701 2590 732 2618 C.

236 2699 258 2734 1
301 2697 504 2735 Cornelius
545 2708 593 2734 ea
634 2709 677 2734 re
719 2701 818 2734 etc.:
872 2698 972 2735 Dio
1048 2709 1134 2736 cem
1167 2700 1381 2736 recitavit:
1412 2699 1526 2736 Cic.
1558 2711 1635 2745 pro
1678 2699 1792 2735 Corn.
1819 2699 1837 2734 I

188 2744 358 2794 XXXVI
383 2757 500 2803 39,-2.
1047 2760 1089 2794 fr.
1117 2761 1156 2806 53
1182 2760 1247 2806 ‘28⁴3
1274 2762 1317 2795 in
1345 2761 1428 2797 ναι.
1455 2760 1488 2806 2,
1515 2761 1548 2796 5.

236 2817 284 2853 12
301 2816 468 2863 indigne
486 2827 573 2853 eam
595 2816 751 2854 Corneli
771 2821 859 2854 etc.:
878 2818 971 2854 Dio
1095 2821 1140 2856 18
1167 2821 1273 2866 quod
1301 2831 1392 2856 cum
1419 2821 1597 2866 improbe
1627 2822 1709 2856 fieri
1737 2824 1835 2856 etc.:

191 2875 360 2912 XXXVI
385 2877 443 2922 39,
470 2878 503 2913 3.
1045 2880 1143 2915 Dio
1171 2880 1339 2916 XXXVI
1366 2881 1424 2926 39,
1451 2882 1494 2925 33
1533 2880 1641 2917 Cic.
1676 2883 1719 2916 in
1753 2881 1835 2916 Vat.

239 2937 359 2974 17-18
384 2940 468 2973 tum
506 2937 711 2975 Cornelius
748 2939 832 2985 ipse
867 2939 970 2975 codi-
1045 2939 1078 2985 2,
1105 2941 1144 2985 ὃς
1173 2941 1335 2983 Quint.
1358 2941 1412 2976 IV
1434 2941 1466 2987 4,
1485 2942 1525 2986 ὃς
1552 2941 1585 2977 V
1606 2941 1663 2987 13,
1684 2942 1748 2986 183
1770 2940 1836 2986 263

1047 3000 1084 3035 X
1110 3001 1143 3046 5,
1170 3001 1228 3036 13.

189 337 321 382 niam
342 339 558 380 mutuam
582 337 732 380 daret.
748 367 750 369 -
767 336 1017 380 Cornelius
1039 350 1096 380 ea
1117 350 1171 380 re
1193 337 1400 380 offensus
1432 338 1618 380 senatui
1642 341 1836 393 questus
1872 336 1918 373 58
1939 336 1972 371 0

1874 384 1916 420 51
1933 383 2002 419 KS

1875 810 1967 846 488

1874 1361 1961 1397 5813
