2300 3528
772 259 827 296 IN
853 257 1178 295 PISONIANAM
1773 257 1796 292 9

148 372 332 426 ῙηιιὍεΙ
359 364 500 408 haec
534 363 743 406 civitas
784 363 937 417 tulit,
970 375 1092 405 cum
1135 362 1239 415 hac
1272 362 1590 417 importuna
1631 361 1799 403 belua

149 440 438 503 conferam
461 466 538 495 —-,
563 441 658 484 sed
706 441 806 484 ille
852 440 1180 495 designatus
1227 452 1352 492 cos,
1401 452 1523 482 cum
1572 439 1798 494 quidam

140 509 221 565 fr.
252 519 328 576 pl.
370 531 467 562 suo
511 518 728 561 auxilio
767 518 1068 573 magistros
1109 517 1271 559 ludos
1314 520 1510 559 contra
1541 516 1583 558 S.
1624 515 1679 559 O.
1714 516 1801 558 fa-

135 585 282 654 cero
321 591 604 651 iussisset,
647 583 908 652 privatus
954 595 1092 638 fieri
1140 595 1345 638 vetuit.
1379 621 1438 625 —
1469 598 1531 637 tu
1565 607 1694 636 cum
1737 594 1800 635 in

149 672 274 719 Kal.
317 673 435 717 Ian.
481 673 952 729 Compitaliorum
991 673 1111 715 dies
1148 673 1466 726 incidisset,
1505 671 1629 714 Sex.
1679 670 1799 713 Clo-

149 747 439 807 d‘ium‚qui
466 764 765 806 numquam
799 753 926 793 ante
953 753 1354 806 praetextatus
1387 751 1606 803 fuisset,
1639 749 1802 791 ludos

82 869 86 871 .
116 842 123 850 ··
151 827 343 873 facere
375 832 430 872 et
459 831 878 884 praetextatum
912 829 1156 871 volitare
1189 841 1383 884 passus
1415 841 1490 871 es,

70 1069 118 1106 10

240 905 292 950 L.
325 906 447 949 Iulio
479 904 528 949 C.
561 906 739 948 Marcio
761 918 891 960 coss„
915 919 1032 960 quos
1054 909 1101 948 et
1132 906 1232 961 ipse
1260 905 1427 949 Cicero
1459 918 1604 961 supra
1626 917 1801 948 memo-

152 985 294 1040 ravit,
325 987 518 1028 senatus
549 985 763 1028 consulto
795 984 1000 1038 collegia
1030 984 1219 1026 sublata
1260 987 1382 1038 sunt,
1416 997 1539 1039 quae
1572 984 1804 1027 adversus

152 1075 257 1107 rem
288 1075 332 1119 p.
366 1062 657 1106 videbantur
688 1074 789 1104 esse
831 1062 1070 1104 instituta.
1133 1063 1350 1104 solebant
1391 1065 1552 1104 autem
1586 1062 1801 1117 magistri

153 1140 465 1197 collegiorum
492 1140 629 1198 ludos
666 1140 838 1194 faeere,
872 1140 996 1182 sicut
1035 1140 1250 1195 magistri
1294 1141 1514 1183 vicorum
1548 1141 1801 1194 faciebant,

153 1217 508 1275 Compitalicios
539 1218 842 1274 praetextati,
876 1218 958 1272 qui
991 1218 1091 1260 ludi
1124 1219 1324 1261 sublatis
1356 1219 1571 1273 collegiis
1603 1219 1802 1261 discussi

83 1313 87 1317 ’
152 1278 282 1340 sunt.
337 1298 442 1352 post
472 1295 538 1338 VI
577 1296 750 1339 deinde
783 1309 931 1344 annos
963 1308 1107 1350 quam
1140 1297 1328 1338 sublata
1360 1303 1499 1339 erant
1529 1297 1578 1339 P.
1612 1280 1804 1339 Clodius

71 1459 119 1496 15

153 1377 212 1418 tr.
245 1374 309 1431 pl.
336 1375 460 1429 lege,
479 1374 577 1416 lata
609 1370 818 1416 restituit
848 1374 1065 1428 collegia.
1129 1375 1364 1417 invidiam
1398 1387 1512 1429 ergo
1540 1378 1587 1417 et
1619 1375 1804 1417 crimen

155 1451 483 1496 restitutorum
538 1452 723 1496 confert
764 1452 814 1494 in
861 1452 1094 1506 Pisonem,
1133 1453 1272 1507 quod,
1312 1465 1422 1495 cum
1466 1453 1631 1495 consul
1669 1456 1804 1507 esset,

155 1542 320 1587 passus
349 1530 411 1573 sit
441 1532 552 1573 ante
585 1543 730 1585 quam
763 1531 844 1572 lex
877 1530 1085 1572 ferretur
1117 1530 1276 1572 facere
1308 1530 1414 1573 Kal.
1445 1531 1646 1573 Ianuar.
1670 1543 1804 1586 prae-

156 1610 393 1655 textatum
425 1608 562 1651 ludos
593 1607 700 1651 Sex.
729 1607 962 1650 Clodium.
1026 1608 1066 1650 is
1104 1609 1194 1650 fuit
1226 1609 1627 1652 familiarissimus
1653 1608 1806 1652 Clodii

157 1689 206 1729 et
236 1697 491 1742 operarum
518 1684 857 1728 Clodianarum
891 1686 1004 1740 dux,
1038 1699 1130 1740 quo
1164 1688 1358 1729 auctore
1391 1689 1554 1742 postea
1576 1688 1723 1729 inlato
1747 1687 1806 1729 ab

156 1762 216 1806 iis
241 1774 441 1819 corpore
474 1762 628 1806 Clodii
650 1764 787 1807 curia
819 1776 928 1806 cum
951 1776 1005 1805 eo
1029 1764 1226 1806 incensa
1252 1766 1334 1806 est.
1398 1777 1516 1819 quos
1535 1766 1672 1807 ludos
1695 1767 1808 1806 tunc

157 1853 347 1896 quoque
364 1841 469 1884 fieri
486 1841 741 1896 prohibere
768 1842 1024 1896 temptavit
1040 1842 1090 1883 L.
1109 1841 1313 1884 Ninnius
1336 1844 1392 1884 tr.
1416 1843 1479 1898 pl.
1543 1846 1653 1886 ante
1676 1844 1806 1886 bien-

157 1919 292 1962 nium
310 1921 471 1962 autem
496 1917 665 1976 ssantefl
688 1932 833 1974 quam
868 1920 1236 1962 restituerentur
1267 1920 1484 1975 collegia,
1508 1920 1562 1974 Q.
1591 1921 1809 1964 Metellus

158 1986 303 2040 Celer*
330 1997 496 2040 consul
529 1997 805 2051 designatus
831 1997 1082 2052 magistros
1114 1998 1333 2041 vicorum
1367 2000 1503 2041 ludos
1535 1998 1808 2055 Compitali-

158 2074 258 2118 cios
293 2074 453 2118 facere
494 2075 819 2130 prohibuerat,
854 2078 906 2117 ut
949 2074 1116 2118 Cicero
1160 2077 1319 2130 tradit,
1353 2078 1575 2131 quamvis
1614 2080 1809 2120 auctore

159 2156 218 2196 tr.
250 2153 312 2209 pl.
346 2153 518 2196 fierent
561 2153 682 2207 ludi;
715 2154 852 2196 cuius
884 2154 1065 2196 tribuni
1105 2167 1279 2197 nomen
1312 2156 1470 2198 adhuc
1503 2169 1596 2198 non
1630 2157 1809 2199 inveni.

249 2318 275 2345 2.
293 2316 350 2346 nod
379 2316 438 2345 ule
467 2316 658 2351 designatus
688 2323 752 2344 cos.
780 2325 852 2344 cum
880 2318 924 2344 Ρ3
943 2325 984 2344 ex
1008 2318 1078 2350 Cic„
1111 2318 1158 2346 sic
1188 2318 1244 2346 ille
1275 2319 1394 2354 (sicilie
1415 2321 1448 2354 S)
1475 2320 1603 2348 desieco
1625 2321 1651 2348 si
1681 2329 1751 2349 cum
1780 2324 1812 2349 C.

157 2370 188 2407 ‚8-
206 2369 383 2405 magistron
405 2370 478 2404 Cic„
501 2370 609 2405 magis
629 2371 660 2404 S,
684 2378 821 2405 magnos
835 2371 913 2398 PM.
986 2373 1012 2398 4.
1033 2374 1066 2399 tu
1082 2380 1152 2399 euni
1169 2372 1201 2399 in
1221 2373 1290 2406 Cia,
1315 2375 1381 2400 tum
1397 2381 1468 2401 cum
1487 2375 1517 2402 C.
1591 2377 1616 2403 5.
1636 2375 1760 2404 ianuar.
1773 2377 1808 2408 P,

161 2421 304 2452 ianuarii
323 2425 354 2452 S.
444 2426 507 2452 5-6.
527 2424 679 2452 cloelium
699 2425 779 2452 PM.
877 2427 902 2451 6.
923 2427 1146 2459 praetextatus
1166 2425 1281 2454 fuisset
1299 2436 1330 2462 p,
1359 2428 1430 2461 Cic„
1453 2430 1635 2462 pretextato
1655 2430 1721 2462 SP.
1744 2437 1813 2464 pre-

164 2477 283 2505 notato
301 2477 346 2505 M.
418 2479 443 2505 Ἴ.
463 2485 498 2505 es
516 2486 548 2513 p,
577 2478 647 2511 Cia,
671 2485 728 2505 om.
753 2479 783 2506 C.
870 2481 895 2506 8.
917 2478 987 2506 iulii
1009 2480 1038 2506 S.
1093 2479 1216 2507 Marcio
1238 2481 1404 2515 Lodoicus,
1427 2481 1531 2510 Mario
1556 2484 1586 2511 C.
1661 2486 1702 2510 10.
1723 2484 1813 2511 insti·

163 2531 236 2558 tuta
253 2538 318 2566 ouo,
341 2537 381 2559 ea
401 2531 471 2567 (lac.
495 2533 514 2559 6
533 2531 592 2559 lin.
612 2533 643 2565 S,
669 2533 688 2558 8
709 2533 745 2565 P,
770 2533 808 2559 10
827 2532 874 2566 M)
901 2534 931 2561 C.
1041 2536 1083 2561 11.
1112 2533 1256 2561 vicorum
1286 2535 1366 2568 PM,
1398 2535 1545 2563 ludorum
1567 2538 1595 2564 S.
1707 2540 1748 2565 13.
1768 2538 1811 2565 VI

163 2583 295 2618 Rinkes,
311 2591 427 2612 novom
452 2585 483 2613 C.
558 2588 600 2612 14.
614 2588 647 2613 et
668 2585 793 2613 crimen
814 2593 872 2613 om.
886 2587 916 2613 S.
990 2589 1032 2614 16.
1048 2586 1123 2614 Kal.
1143 2587 1272 2615 Ianuar.
1285 2589 1600 2624 Kiessliny-Sclaoell,
1618 2610 1765 2619 .........
1782 2594 1812 2620 C.

165 2639 262 2666 18-17.
281 2639 494 2672 protestatum
513 2639 558 2666 M.
614 2641 656 2666 17.
676 2638 825 2666 Clodium
847 2640 929 2674 Ven..
952 2641 1109 2675 proelium
1126 2643 1156 2674 S,
1174 2641 1325 2669 cloelium
1340 2643 1419 2670 PM.
1475 2646 1517 2672 18.
1530 2639 1633 2672 iiilato
1654 2641 1766 2679 pssstea
1779 2647 1813 2673 P.

165 2692 208 2719 19.
221 2689 263 2718 iis
282 2691 464 2726 Manutius,
481 2690 533 2719 his
558 2693 589 2720 0.
627 2692 721 2720 duria
734 2694 764 2720 S.
820 2695 863 2720 21.
876 2695 952 2721 ante
972 2695 1003 2727 C,
1028 2694 1085 2721 del.
1106 2695 1286 2722 Alanutius.
1342 2698 1384 2723 22.
1405 2696 1548 2724 vicorum
1568 2707 1599 2733 p,
1617 2698 1762 2725 ludorum
1783 2700 1812 2726 C.

165 2745 209 2773 8³.
227 2746 339 2773 actore
359 2742 404 2772 Μ.

213 2896 236 2932 2
262 2895 495 2941 designatus
517 2906 614 2932 cos:
640 2907 674 2932 a.
702 2898 758 2932 61.
1072 2901 1094 2933 8
1122 2899 1165 2934 L.
1185 2899 1284 2935 Iulio
1311 2900 1351 2936 C.
1376 2901 1522 2936 Marcio
1551 2913 1667 2938 coss:
1694 2914 1727 2938 a.
1754 2903 1811 2938 64.

215 2955 238 2990 5
262 2955 350 2990 Kal.
377 2954 480 2990 Ian.:
502 2966 536 2991 a.
560 2956 615 2991 58.
1075 2959 1117 2993 11
1134 2960 1314 3004 magistri
1327 2961 1523 2997 vicorum:
1538 2962 1812 2997 Liv.XXXIV

215 3016 238 3050 6
263 3015 726 3060 praetextatus:Cic.in
738 3017 883 3061 Halo,
894 3018 950 3053 23.
1026 3019 1058 3063 7,
1085 3020 1127 3063 2;
1158 3020 1243 3054 CIL
1270 3020 1322 3055 VI
1350 3021 1453 3065 1324,
1480 3022 1583 3058 2221.

280 3148 311 3178 Q.
333 3146 463 3173 Asconii
483 3146 619 3173 I’ecliam'
644 3147 754 3174 Comm.
1694 3156 1717 3189 2

1836 365 1927 403 158

1840 1231 1913 1267 813

1844 1472 1952 1508 7KS
