2300 3528
100 1131 147 1168 10

100 1520 148 1558 15

180 389 191 397 ,
223 352 227 356 “
276 348 343 392 M.
375 347 561 392 Cottam
593 349 843 404 significat.

776 252 831 289 IN
857 251 1239 289 CORNELIANAM
1785 252 1830 289 73

926 350 1121 394 fuerunt
1163 354 1322 394 autem
1367 354 1463 394 tres
1500 351 1702 405 fratres:
1736 351 1830 394 duo

186 426 252 483 hi,
283 425 349 482 C.,
379 425 456 481 M„
489 427 658 470 tertius
689 427 740 470 L.
774 426 923 482 Cotta,
966 428 1048 483 qui
1091 429 1198 483 lege
1239 441 1325 471 sua
1357 429 1538 471 iudicia
1577 429 1703 472 inter
1734 431 1830 472 tres

187 503 379 552 ordines
399 504 789 559 communicavit,
816 508 1049 560 senatum,
1073 506 1271 561 equites,
1295 509 1350 549 tr.
1385 507 1615 560 aerarios3
1649 507 1828 562 adepti·

185 593 280 637 que
309 582 421 624 sunt
451 593 615 625 omnes
647 583 959 625 consulatum.

899 720 1122 763 STATIM

271 813 482 871 Legem
527 814 815 859 Liciniam
869 818 927 859 et
978 816 1222 859 Muciam
1275 817 1346 859 de
1399 816 1628 860 civibus
1676 816 1830 859 redi-

169 880 381 947 'gendis
412 881 580 936 video
623 896 891 936 constare
933 894 1086 936 inter
1117 895 1312 948 omnis,
1346 906 1695 949 quamquam
1727 894 1831 936 duo

184 970 446 1013 consules
496 971 738 1013 omnium
792 983 926 1026 quos
974 983 1070 1014 nos
1122 971 1367 1014 vidimus
1419 971 1830 1027 sapientissimi

183 1046 480 1103 tulissent,
513 1060 623 1090 non
657 1048 812 1090 modo
846 1048 1134 1103 inutilem,
1178 1049 1275 1091 sed
1317 1049 1711 1104 perniciosam
1744 1049 1830 1091 rei

182 1125 236 1180 p.
269 1123 465 1168 fuisse.

271 1201 323 1245 L.
355 1202 596 1246 Licinium
628 1202 851 1246 Crassum
884 1206 1120 1246 oratorem
1154 1206 1202 1246 et
1233 1203 1287 1257 Q.
1311 1204 1522 1247 Mucium
1549 1204 1830 1247 Scaevolam

183 1282 310 1336 pont.
341 1293 470 1323 max.
506 1281 809 1336 eundemque
851 1284 899 1323 et
941 1284 1180 1324 oratorem
1223 1283 1270 1324 et
1314 1282 1432 1324 iuris
1468 1282 1738 1324 consultum
1771 1282 1828 1324 si-

182 1357 392 1413 gnificat.
454 1357 505 1400 hi
537 1358 666 1400 enim
699 1358 855 1413 legem
889 1370 995 1401 eam
1022 1359 1082 1401 de
1108 1371 1204 1414 qua
1229 1359 1441 1414 loquitur
1462 1359 1521 1401 de
1555 1358 1831 1413 redigendis
1867 1365 2002 1400 GOKS

183 1435 234 1479 in
275 1447 386 1478 suas
430 1435 652 1479 civitates
697 1436 837 1478 sociis
883 1436 931 1478 in
980 1437 1230 1479 consulatu
1274 1437 1500 1479 tulerunt.
1565 1450 1676 1479 nam
1718 1450 1827 1479 cum

183 1525 371 1559 summa
412 1513 673 1569 cupiditate
716 1514 926 1557 civitatis
968 1514 1026 1557 R.
1059 1514 1213 1556 Italici
1256 1515 1416 1570 populi
1461 1517 1741 1558 tenerentur
1783 1518 1831 1558 et
1867 1521 1963 1557 680

184 1591 244 1634 ob
275 1590 325 1634 id
357 1603 534 1646 magna
563 1604 674 1647 pars
706 1604 871 1634 eorum
913 1605 998 1647 pro
1040 1593 1229 1635 civibus
1262 1593 1312 1635 R.
1347 1605 1396 1635 se
1429 1596 1633 1648 gereret,
1668 1606 1826 1636 neces-

183 1667 312 1712 saria
351 1668 433 1712 lex
468 1669 574 1712 visa
610 1671 693 1723 est,
729 1671 781 1711 ut
816 1669 866 1711 in
899 1682 1013 1712 suae
1056 1669 1257 1724 quisque
1295 1670 1507 1713 civitatis
1539 1671 1612 1713 ius
1645 1671 1828 1726 redige-

183 1748 330 1790 retur.
405 1758 575 1790 verum
618 1759 675 1790 ea
722 1747 827 1802 lege
860 1747 928 1789 ita
971 1747 1168 1790 alienati
1217 1748 1367 1790 animi
1414 1751 1525 1790 sunt
1555 1749 1828 1804 principum

182 1823 462 1868 Italicorum
493 1826 792 1880 populorum,
827 1828 879 1867 ut
911 1838 967 1867 ea
998 1826 1079 1868 vel
1112 1826 1325 1868 maxima
1350 1838 1494 1868 causa
1525 1826 1640 1869 belli
1674 1827 1826 1870 Italici

182 1902 309 1958 quod
341 1905 446 1958 post
476 1903 738 1946 triennium
772 1906 992 1946 exortum
1026 1907 1096 1946 est
1128 1904 1284 1946 fuerit.

273 1999 298 2024 1.
316 1996 358 2025 M.
377 1997 562 2030 Manutius,
584 2004 642 2024 om.
666 1999 696 2025 (5,
755 1999 819 2025 tres
840 1996 957 2025 fratres
977 1998 1088 2031 Stangll
1100 2001 1274 2032 praeeunte
1289 1999 1492 2031 Buecheler-o,
1518 2001 1582 2026 tres
1600 2000 1631 2027 C.
1704 2003 1729 2026 2.
1749 1999 1781 2027 hi
1797 1999 1829 2027 C.

182 2051 365 2084 Manutius,
396 2050 450 2079 hic
475 2051 506 2079 C.
615 2053 677 2079 6-7.
698 2051 885 2086 redigendis
910 2051 1047 2086 Piyhius
1069 2054 1122 2085 (ex
1141 2053 1242 2079 schol.
1264 2053 1339 2079 Bob.
1360 2053 1400 2079 ad
1419 2053 1495 2080 Sest.
1518 2053 1587 2085 30),
1619 2053 1773 2087 regundis
1797 2055 1828 2082 C.

182 2106 208 2132 7.
226 2111 422 2140 quamquam
441 2105 545 2139 Halm,
567 2113 662 2139 quain
689 2106 719 2133 G.
805 2108 829 2132 8.
850 2112 907 2133 nos
927 2113 984 2133 om.
1003 2106 1083 2134 PM.
1169 2109 1211 2133 11.
1232 2106 1266 2134 Ι..
1287 2106 1470 2140 Manutius,
1493 2106 1527 2133 P.
1552 2107 1582 2135 C.
1656 2110 1698 2140 13.
1719 2106 1770 2148 ὴίς
1789 2108 1824 2141 P,

182 2157 236 2188 hic
254 2159 332 2187 SM.
442 2161 537 2187 13-14.
563 2158 752 2195 redigendis
780 2159 814 2187 in
843 2167 919 2188 suas
947 2159 1100 2188 civitates
1128 2160 1274 2194 I'z’ylcc'us,
1306 2160 1459 2195 reg-endis
1489 2160 1520 2187 in
1550 2168 1609 2188 sua
1637 2161 1771 2190 civitate
1796 2163 1827 2190 C.

182 2214 226 2242 u.
243 2212 278 2241 in
297 2220 355 2242 suo
374 2213 409 2241 P.
466 2221 541 2241 nam
563 2221 635 2241 eum
656 2213 968 2247 Kiessliny-Schoeu,
991 2221 1066 2241 nam
1089 2215 1163 2247 SM,
1187 2222 1259 2242 cum
1279 2215 1313 2242 P.
1424 2214 1465 2242 15.
1485 2214 1612 2243 civitati
1633 2217 1663 2244 S.
1718 2217 1827 2244 tenen-

183 2268 235 2295 tur
254 2268 297 2295 M.
369 2269 412 2294 16.
431 2274 466 2295 se
486 2269 617 2302 gereret
634 2268 670 2300 P,
694 2269 823 2302 regeret
843 2269 917 2295 SM.
992 2271 1033 2296 18.
1054 2268 1247 2303 principium
1269 2269 1312 2296 M.

229 2346 252 2381 2
275 2346 369 2393 lege
394 2356 486 2382 sua:
512 2357 546 2382 a.
573 2347 630 2383 70.

191 2411 193 2413 '
229 2405 300 2442 3-4
324 2406 540 2453 adeptique
574 2410 665 2442 sunt
705 2417 841 2442 omncs
876 2417 966 2442 con-

182 2466 379 2503 sulatum:
415 2466 456 2502 C.
496 2477 529 2502 a.
570 2467 625 2512 75,
665 2466 715 2501 M.
754 2477 787 2501 a.
827 2467 883 2511 74,
922 2466 965 2502 L.

182 2537 218 2563 a.
243 2527 300 2563 65.

229 2587 251 2622 6
277 2586 430 2633 Legem
468 2586 661 2622 Liciniam
702 2590 741 2622 et
775 2586 965 2623 Muciam:

181 2645 283 2683 Cic.
308 2646 354 2682 de
372 2645 436 2691 off.
454 2645 512 2681 III
532 2647 587 2691 11,
606 2646 760 2692 473pr0
779 2647 888 2681 Balb.
908 2646 965 2692 21,

180 2707 247 2753 48,
272 2706 329 2752 24,
355 2706 419 2751 54,
445 2707 562 2741 Brut.
590 2707 645 2752 16,
673 2707 738 2750 63,
766 2716 844 2752 pro
870 2706 965 2742 Sest.

182 2766 240 2811 13,
265 2767 313 2802 30
336 2776 429 2801 cum
453 2766 531 2802 sch.
558 2766 650 2801 Bob.

229 2825 274 2861 11
301 2825 344 2861 L.
382 2825 578 2861 Licinium
617 2825 800 2862 Crassum
839 2829 965 2861 orato·

182 2896 283 2922 rem:
321 2886 388 2922 cfr.
423 2885 520 2922 Cic.
556 2885 673 2921 Brut.
700 2886 757 2930 30,
783 2886 872 2931 115,
907 2887 964 2932 36,

183 2946 271 2991 138,
296 2946 354 2991 38,
376 2946 446 2981 143
463 2966 486 2971 -
503 2946 560 2991 40,
586 2947 676 2990 150,
703 2947 760 2992 43,
788 2946 964 2992 158-44,

182 3005 273 3052 164,
298 3005 356 3051 47,
381 3006 471 3051 173,
498 3006 554 3051 50,
579 3006 667 3052 189,
693 3007 750 3052 53,
775 3006 965 3052 197-198,

330 3126 362 3161 Q.
382 3125 513 3154 Asconii
531 3125 668 3155 Pediam'
691 3127 803 3155 Comm.

1040 2348 1097 2393 55,
1124 2348 1212 2393 203,
1239 2348 1295 2393 57,
1321 2348 1408 2393 207,
1440 2348 1497 2394 59,
1524 2348 1612 2394 215,
1653 2349 1707 2394 73,
1735 2349 1825 2395 256,

1041 2407 1097 2452 86,
1124 2406 1212 2452 296,
1238 2408 1295 2453 87,
1321 2407 1413 2451 298,
1447 2408 1505 2452 88,
1531 2407 1618 2452 301,
1653 2409 1710 2453 97,
1736 2409 1825 2453 333,

1040 2478 1096 2502 or.
1123 2467 1156 2511 5,
1182 2467 1246 2511 19,
1284 2468 1342 2512 30,
1368 2468 1458 2511 106,
1495 2467 1541 2503 de
1566 2478 1622 2502 or.
1660 2469 1826 2514 passin13

1040 2527 1420 2563 Macrob.sc1t.V
1447 2528 1563 2573 1,16.

1087 2587 1205 2623 11-12
1232 2587 1273 2630 Q.
1307 2586 1481 2622 Mucium
1516 2585 1826 2623 Scaevolam

1040 2652 1079 2683 et
1098 2651 1291 2683 oratorem
1313 2650 1352 2682 et
1373 2647 1468 2682 iuris
1490 2647 1735 2683 consultum:
1758 2649 1826 2683 cfr.

1040 2707 1141 2743 Cic.
1182 2708 1300 2742 Brut.
1332 2708 1389 2752 30,
1423 2707 1515 2751 115,
1553 2707 1610 2751 39,
1636 2708 1730 2751 145,
1769 2708 1824 2752 40,

1039 2767 1195 2812 147-42,
1215 2768 1302 2812 156,
1330 2767 1386 2811 44,
1409 2768 1496 2812 163,
1519 2767 1575 2811 52,
1597 2768 1684 2812 194,
1706 2768 1751 2803 de
1768 2779 1824 2803 or.

1039 2827 1057 2862 I
1082 2828 1140 2872 39,
1168 2827 1253 2871 180,
1283 2828 1387 2862 Lael.
1415 2827 1432 2861 Ι
1458 2827 1500 2872 1,
1539 2827 1701 2872 Pomp.
1736 2827 1823 2873 Diq.

1038 2888 1072 2932 1,
1098 2887 1131 2932 2,
1159 2888 1192 2932 2,
1220 2887 1286 2933 41,
1326 2887 1438 2922 Gell.
1466 2887 1519 2922 VI
1545 2887 1602 2932 15,
1628 2887 1669 2932 2,
1700 2887 1824 2923 Vell.

1040 2947 1143 2982 Pat.
1171 2947 1209 2982 H
1235 2947 1292 2992 26,
1319 2948 1350 2982 2.

1087 3007 1133 3042 14
1158 3007 1199 3042 in
1226 3007 1454 3043 consulatu:
1481 3018 1514 3042 a.
1542 3007 1596 3041 95.

1635 3115 1682 3151 10
